<?xml version="1.0" encoding="UTF-8"?>
<!DOCTYPE html PUBLIC "-//W3C//DTD XHTML 1.0 Transitional//EN"
    "http://www.w3.org/TR/xhtml1/DTD/xhtml1-transitional.dtd">
<html xmlns="http://www.w3.org/1999/xhtml" xml:lang="en" lang="en">
 <head>
  <title>
</title>
<meta http-equiv="Content-Type" content="text/html;charset=utf-8" />
  <meta name='ocr-system' content='tesseract 3.04.00' />
  <meta name='ocr-capabilities' content='ocr_page ocr_carea ocr_par ocr_line ocrx_word'/>
</head>
<body>
  <div class='ocr_page' id='page_1' title='image "./subsidiadiploma00wrgoog_0163.png"; bbox 0 0 3409 5117; ppageno 0'>
   <div class='ocr_carea' id='block_1_1' title="bbox 327 519 1351 1058">
    <p class='ocr_par' dir='ltr' id='par_1_1' title="bbox 327 519 1351 1058">
     <span class='ocr_line' id='line_1_1' title="bbox 708 519 1304 646; baseline 0.01 -38"><span class='ocrx_word' id='word_1_1' title='bbox 708 543 976 612; x_wconf 64' lang='lat' dir='ltr'>mam</span> <span class='ocrx_word' id='word_1_2' title='bbox 1043 519 1058 529; x_wconf 66' lang='grc'><strong>“</strong></span> <span class='ocrx_word' id='word_1_3' title='bbox 1234 574 1304 646; x_wconf 71' lang='lat'>11,</span> 
     </span>
     <span class='ocr_line' id='line_1_2' title="bbox 327 701 1350 809; baseline 0.007 -23"><span class='ocrx_word' id='word_1_4' title='bbox 327 717 395 786; x_wconf 83' lang='lat' dir='ltr'>aut</span> <span class='ocrx_word' id='word_1_5' title='bbox 410 727 483 806; x_wconf 85' lang='lat' dir='ltr'>par</span> <span class='ocrx_word' id='word_1_6' title='bbox 498 702 603 784; x_wconf 88' lang='lat' dir='ltr'>suum</span> <span class='ocrx_word' id='word_1_7' title='bbox 617 701 895 802; x_wconf 75' lang='lat' dir='ltr'>procuratorem</span> <span class='ocrx_word' id='word_1_8' title='bbox 913 712 959 787; x_wconf 85' lang='lat' dir='ltr'>ad</span> <span class='ocrx_word' id='word_1_9' title='bbox 977 710 1047 789; x_wconf 89' lang='lat' dir='ltr'>hoc</span> <span class='ocrx_word' id='word_1_10' title='bbox 1062 712 1208 809; x_wconf 88' lang='lat' dir='ltr'>publice</span> <span class='ocrx_word' id='word_1_11' title='bbox 1224 712 1262 790; x_wconf 79' lang='lat' dir='ltr'>dr</span> <span class='ocrx_word' id='word_1_12' title='bbox 1282 735 1350 793; x_wconf 89' lang='lat' dir='ltr'>no-</span> 
     </span>
     <span class='ocr_line' id='line_1_3' title="bbox 328 823 1351 925; baseline 0.016 -26"><span class='ocrx_word' id='word_1_13' title='bbox 328 826 426 901; x_wconf 88' lang='lat' dir='ltr'>torie</span> <span class='ocrx_word' id='word_1_14' title='bbox 447 827 681 903; x_wconf 87' lang='lat' dir='ltr'>constitutum</span> <span class='ocrx_word' id='word_1_15' title='bbox 700 823 762 904; x_wconf 85' lang='lat' dir='ltr'>seu</span> <span class='ocrx_word' id='word_1_16' title='bbox 783 829 916 921; x_wconf 73' lang='lat' dir='ltr'>notarii</span> <span class='ocrx_word' id='word_1_17' title='bbox 941 829 1080 925; x_wconf 79' lang='lat' dir='ltr'>publici</span> <span class='ocrx_word' id='word_1_18' title='bbox 1097 853 1180 908; x_wconf 85' lang='lat' dir='ltr'>cunr</span> <span class='ocrx_word' id='word_1_19' title='bbox 1205 832 1351 915; x_wconf 86' lang='lat' dir='ltr'>testium</span> 
     </span>
     <span class='ocr_line' id='line_1_4' title="bbox 329 940 1348 1058; baseline 0.002 -37"><span class='ocrx_word' id='word_1_20' title='bbox 329 940 593 1050; x_wconf 75' lang='lat' dir='ltr'>subscriptione</span> <span class='ocrx_word' id='word_1_21' title='bbox 616 946 798 1058; x_wconf 69' lang='lat' dir='ltr'>consedes</span> <span class='ocrx_word' id='word_1_22' title='bbox 821 948 952 1025; x_wconf 88' lang='lat' dir='ltr'>debeat</span> <span class='ocrx_word' id='word_1_23' title='bbox 967 951 1155 1030; x_wconf 85' lang='lat' dir='ltr'>nominare</span> <span class='ocrx_word' id='word_1_24' title='bbox 1174 951 1210 1028; x_wconf 78' lang='lat' dir='ltr'>dr</span> <span class='ocrx_word' id='word_1_25' title='bbox 1231 957 1348 1033; x_wconf 87' lang='lat' dir='ltr'>notui.</span> 
     </span>
    </p>
   </div>
   <div class='ocr_carea' id='block_1_2' title="bbox 328 1068 1351 1285">
    <p class='ocr_par' dir='ltr' id='par_1_2' title="bbox 328 1068 1351 1285">
     <span class='ocr_line' id='line_1_5' title="bbox 328 1068 1350 1175; baseline 0.009 -32"><span class='ocrx_word' id='word_1_26' title='bbox 328 1087 418 1144; x_wconf 89' lang='lat' dir='ltr'>nans</span> <span class='ocrx_word' id='word_1_27' title='bbox 438 1068 648 1166; x_wconf 84' lang='lat' dir='ltr'>hujusmodi</span> <span class='ocrx_word' id='word_1_28' title='bbox 671 1070 954 1175; x_wconf 85' lang='lat' dir='ltr'>nominationem</span> <span class='ocrx_word' id='word_1_29' title='bbox 976 1074 1023 1150; x_wconf 91' lang='lat' dir='ltr'>ad</span> <span class='ocrx_word' id='word_1_30' title='bbox 1049 1074 1167 1150; x_wconf 83' lang='lat' dir='ltr'>minus</span> <span class='ocrx_word' id='word_1_31' title='bbox 1191 1087 1350 1173; x_wconf 79' lang='lat' dir='ltr'>quatuor·</span> 
     </span>
     <span class='ocr_line' id='line_1_6' title="bbox 330 1182 1351 1285; baseline 0.003 -23"><span class='ocrx_word' id='word_1_32' title='bbox 330 1182 493 1282; x_wconf 85' lang='lat' dir='ltr'>personis</span> <span class='ocrx_word' id='word_1_33' title='bbox 517 1188 563 1263; x_wconf 89' lang='lat' dir='ltr'>de</span> <span class='ocrx_word' id='word_1_34' title='bbox 585 1188 755 1283; x_wconf 84' lang='lat' dir='ltr'>capitulo</span> <span class='ocrx_word' id='word_1_35' title='bbox 779 1188 901 1264; x_wconf 84' lang='lat' dir='ltr'>nostro</span> <span class='ocrx_word' id='word_1_36' title='bbox 923 1188 1020 1267; x_wconf 88' lang='lat' dir='ltr'>infra</span> <span class='ocrx_word' id='word_1_37' title='bbox 1043 1189 1222 1285; x_wconf 74' lang='lat' dir='ltr'>mensem,</span> <span class='ocrx_word' id='word_1_38' title='bbox 1254 1188 1351 1284; x_wconf 88' lang='lat' dir='ltr'>post·</span> 
     </span>
    </p>
   </div>
   <div class='ocr_carea' id='block_1_3' title="bbox 328 1297 1349 1506">
    <p class='ocr_par' dir='ltr' id='par_1_3' title="bbox 328 1297 1349 1506">
     <span class='ocr_line' id='line_1_7' title="bbox 329 1297 1349 1405; baseline 0.009 -24"><span class='ocrx_word' id='word_1_39' title='bbox 329 1329 441 1404; x_wconf 84' lang='lat' dir='ltr'>quarn</span> <span class='ocrx_word' id='word_1_40' title='bbox 458 1306 618 1405; x_wconf 78' lang='lat' dir='ltr'><strong>aliquem</strong></span> <span class='ocrx_word' id='word_1_41' title='bbox 632 1305 891 1400; x_wconf 76' lang='lat' dir='ltr'>nominaverit,</span> <span class='ocrx_word' id='word_1_42' title='bbox 918 1297 1026 1390; x_wconf 80' lang='lat' dir='ltr'>debet</span> <span class='ocrx_word' id='word_1_43' title='bbox 1040 1312 1228 1393; x_wconf 86' lang='lat' dir='ltr'>notificate</span> <span class='ocrx_word' id='word_1_44' title='bbox 1245 1310 1349 1390; x_wconf 53' lang='lat' dir='ltr'>&amp;ita</span> 
     </span>
     <span class='ocr_line' id='line_1_8' title="bbox 328 1425 475 1506; baseline 0.027 -6"><span class='ocrx_word' id='word_1_45' title='bbox 328 1425 475 1506; x_wconf 66' lang='lat' dir='ltr'>timue.</span> 
     </span>
    </p>
   </div>
   <div class='ocr_carea' id='block_1_4' title="bbox 402 1624 1350 1732">
    <p class='ocr_par' dir='ltr' id='par_1_4' title="bbox 402 1624 1350 1732">
     <span class='ocr_line' id='line_1_9' title="bbox 402 1624 1350 1732; baseline 0.008 -28"><span class='ocrx_word' id='word_1_46' title='bbox 402 1625 502 1704; x_wconf 85' lang='lat' dir='ltr'>Huic</span> <span class='ocrx_word' id='word_1_47' title='bbox 515 1627 622 1706; x_wconf 88' lang='lat' dir='ltr'>etiam</span> <span class='ocrx_word' id='word_1_48' title='bbox 642 1624 829 1723; x_wconf 84' lang='lat' dir='ltr'>adjicimus</span> <span class='ocrx_word' id='word_1_49' title='bbox 843 1626 1077 1725; x_wconf 77' lang='lat' dir='ltr'>ordinationi,</span> <span class='ocrx_word' id='word_1_50' title='bbox 1102 1630 1255 1732; x_wconf 86' lang='lat' dir='ltr'>quodad</span> <span class='ocrx_word' id='word_1_51' title='bbox 1270 1634 1350 1732; x_wconf 71' lang='lat' dir='ltr'>eju!</span> 
     </span>
    </p>
   </div>
   <div class='ocr_carea' id='block_1_5' title="bbox 329 1742 1481 1845">
    <p class='ocr_par' dir='ltr' id='par_1_5' title="bbox 329 1742 1481 1845">
     <span class='ocr_line' id='line_1_10' title="bbox 329 1742 1481 1845; baseline 0.003 -23"><span class='ocrx_word' id='word_1_52' title='bbox 329 1767 410 1822; x_wconf 84' lang='lat' dir='ltr'>eum</span> <span class='ocrx_word' id='word_1_53' title='bbox 428 1742 497 1821; x_wconf 88' lang='lat' dir='ltr'>suis</span> <span class='ocrx_word' id='word_1_54' title='bbox 515 1746 677 1820; x_wconf 79' lang='lat' dir='ltr'>articulis</span> <span class='ocrx_word' id='word_1_55' title='bbox 694 1745 959 1823; x_wconf 89' lang='lat' dir='ltr'>observantiam</span> <span class='ocrx_word' id='word_1_56' title='bbox 980 1744 1229 1824; x_wconf 86' lang='lat' dir='ltr'>inconvulsam</span> <span class='ocrx_word' id='word_1_57' title='bbox 1243 1751 1353 1845; x_wconf 82' lang='lat' dir='ltr'>quili-</span> <span class='ocrx_word' id='word_1_58' title='bbox 1477 1791 1481 1806; x_wconf 92' lang='lat'>·</span> 
     </span>
    </p>
   </div>
   <div class='ocr_carea' id='block_1_6' title="bbox 326 1857 1351 2558">
    <p class='ocr_par' dir='ltr' id='par_1_6' title="bbox 326 1857 1351 2558">
     <span class='ocr_line' id='line_1_11' title="bbox 328 1857 1350 1962; baseline 0.008 -27"><span class='ocrx_word' id='word_1_59' title='bbox 328 1857 391 1935; x_wconf 90' lang='lat' dir='ltr'>bet</span> <span class='ocrx_word' id='word_1_60' title='bbox 409 1860 576 1955; x_wconf 86' lang='lat' dir='ltr'>deinceps</span> <span class='ocrx_word' id='word_1_61' title='bbox 589 1862 634 1934; x_wconf 92' lang='lat' dir='ltr'>ad</span> <span class='ocrx_word' id='word_1_62' title='bbox 652 1859 849 1955; x_wconf 85' lang='lat' dir='ltr'>capitulum</span> <span class='ocrx_word' id='word_1_63' title='bbox 867 1862 1094 1958; x_wconf 89' lang='lat' dir='ltr'>recipiendus</span> <span class='ocrx_word' id='word_1_64' title='bbox 1107 1884 1179 1936; x_wconf 93' lang='lat' dir='ltr'>non</span> <span class='ocrx_word' id='word_1_65' title='bbox 1199 1884 1350 1962; x_wconf 62' lang='lat' dir='ltr'>generas</span> 
     </span>
     <span class='ocr_line' id='line_1_12' title="bbox 328 1973 1351 2079; baseline 0.007 -27"><span class='ocrx_word' id='word_1_66' title='bbox 328 1976 414 2053; x_wconf 86' lang='lat' dir='ltr'>liter</span> <span class='ocrx_word' id='word_1_67' title='bbox 431 1974 493 2052; x_wconf 87' lang='lat' dir='ltr'>sed</span> <span class='ocrx_word' id='word_1_68' title='bbox 518 1978 552 2051; x_wconf 90' lang='lat' dir='ltr'>iu</span> <span class='ocrx_word' id='word_1_69' title='bbox 570 1973 738 2073; x_wconf 77' lang='lat' dir='ltr'>speciose</span> <span class='ocrx_word' id='word_1_70' title='bbox 755 1977 978 2076; x_wconf 86' lang='lat' dir='ltr'>adstringere</span> <span class='ocrx_word' id='word_1_71' title='bbox 997 1977 1032 2053; x_wconf 80' lang='lat' dir='ltr'>dr</span> <span class='ocrx_word' id='word_1_72' title='bbox 1054 1978 1218 2079; x_wconf 85' lang='lat' dir='ltr'>obligare</span> <span class='ocrx_word' id='word_1_73' title='bbox 1240 1980 1351 2059; x_wconf 64' lang='lat' dir='ltr'>debe»</span> 
     </span>
     <span class='ocr_line' id='line_1_13' title="bbox 328 2092 1350 2202; baseline 0.009 -31"><span class='ocrx_word' id='word_1_74' title='bbox 328 2092 380 2171; x_wconf 93' lang='lat' dir='ltr'>bit</span> <span class='ocrx_word' id='word_1_75' title='bbox 405 2093 591 2190; x_wconf 87' lang='lat' dir='ltr'>corporali</span> <span class='ocrx_word' id='word_1_76' title='bbox 619 2095 768 2189; x_wconf 87' lang='lat' dir='ltr'>prestito</span> <span class='ocrx_word' id='word_1_77' title='bbox 795 2093 1022 2202; x_wconf 71' lang='lat' dir='ltr'>juramento,</span> <span class='ocrx_word' id='word_1_78' title='bbox 1064 2101 1132 2193; x_wconf 85' lang='lat' dir='ltr'>pr&#39;o</span> <span class='ocrx_word' id='word_1_79' title='bbox 1165 2115 1207 2172; x_wconf 90' lang='lat' dir='ltr'>ut</span> <span class='ocrx_word' id='word_1_80' title='bbox 1237 2100 1350 2180; x_wconf 88' lang='lat' dir='ltr'>etiam</span> 
     </span>
     <span class='ocr_line' id='line_1_14' title="bbox 329 2208 1349 2320; baseline 0.01 -35"><span class='ocrx_word' id='word_1_81' title='bbox 329 2231 453 2288; x_wconf 81' lang='lat' dir='ltr'>omues</span> <span class='ocrx_word' id='word_1_82' title='bbox 475 2208 659 2320; x_wconf 69' lang='lat' dir='ltr'>dungali</span> <span class='ocrx_word' id='word_1_83' title='bbox 692 2232 756 2287; x_wconf 90' lang='lat' dir='ltr'>nos</span> <span class='ocrx_word' id='word_1_84' title='bbox 780 2211 970 2308; x_wconf 83' lang='lat' dir='ltr'>prescripti</span> <span class='ocrx_word' id='word_1_85' title='bbox 996 2212 1223 2308; x_wconf 79' lang='lat' dir='ltr'>prontifitnus</span> <span class='ocrx_word' id='word_1_86' title='bbox 1252 2215 1349 2294; x_wconf 83' lang='lat' dir='ltr'>bona</span> 
     </span>
     <span class='ocr_line' id='line_1_15' title="bbox 326 2332 1349 2442; baseline 0.001 -30"><span class='ocrx_word' id='word_1_87' title='bbox 326 2333 398 2412; x_wconf 88' lang='lat' dir='ltr'>iide</span> <span class='ocrx_word' id='word_1_88' title='bbox 417 2335 498 2408; x_wconf 85' lang='lat' dir='ltr'>ioco</span> <span class='ocrx_word' id='word_1_89' title='bbox 514 2332 709 2430; x_wconf 72' lang='lat' dir='ltr'>iuramenti</span> <span class='ocrx_word' id='word_1_90' title='bbox 733 2334 851 2409; x_wconf 73' lang='lat' dir='ltr'>omnio</span> <span class='ocrx_word' id='word_1_91' title='bbox 870 2334 904 2410; x_wconf 85' lang='lat' dir='ltr'>dr</span> <span class='ocrx_word' id='word_1_92' title='bbox 920 2333 1059 2442; x_wconf 75' lang='lat' dir='ltr'>singula</span> <span class='ocrx_word' id='word_1_93' title='bbox 1078 2333 1246 2433; x_wconf 83' lang='lat' dir='ltr'>premissa</span> <span class='ocrx_word' id='word_1_94' title='bbox 1262 2355 1349 2433; x_wconf 84' lang='lat' dir='ltr'>per·</span> 
     </span>
     <span class='ocr_line' id='line_1_16' title="bbox 327 2444 834 2558; baseline 0.002 -32"><span class='ocrx_word' id='word_1_95' title='bbox 327 2465 439 2547; x_wconf 89' lang='lat' dir='ltr'>petuo</span> <span class='ocrx_word' id='word_1_96' title='bbox 451 2445 609 2558; x_wconf 82' lang='lat' dir='ltr'>firmiter</span> <span class='ocrx_word' id='word_1_97' title='bbox 627 2444 834 2527; x_wconf 85' lang='lat' dir='ltr'>observare.</span> 
     </span>
    </p>
   </div>
   <div class='ocr_carea' id='block_1_7' title="bbox 315 2639 1350 4390">
    <p class='ocr_par' dir='ltr' id='par_1_7' title="bbox 315 2639 1350 4282">
     <span class='ocr_line' id='line_1_17' title="bbox 396 2639 1348 2741; baseline -0.008 -24"><span class='ocrx_word' id='word_1_98' title='bbox 396 2639 566 2717; x_wconf 87' lang='lat' dir='ltr'>Preterca</span> <span class='ocrx_word' id='word_1_99' title='bbox 590 2665 635 2719; x_wconf 89' lang='lat' dir='ltr'>ne</span> <span class='ocrx_word' id='word_1_100' title='bbox 651 2642 799 2741; x_wconf 83' lang='lat' dir='ltr'>aliquod</span> <span class='ocrx_word' id='word_1_101' title='bbox 821 2639 972 2717; x_wconf 86' lang='lat' dir='ltr'>dubium</span> <span class='ocrx_word' id='word_1_102' title='bbox 995 2639 1209 2720; x_wconf 76' lang='lat' dir='ltr'>diss&#39;enfionis</span> <span class='ocrx_word' id='word_1_103' title='bbox 1231 2639 1348 2717; x_wconf 62' lang='lat' dir='ltr'>virtu&lt;</span> 
     </span>
     <span class='ocr_line' id='line_1_18' title="bbox 325 2752 1347 2854; baseline 0.006 -21"><span class='ocrx_word' id='word_1_104' title='bbox 325 2774 361 2833; x_wconf 88' lang='lat' dir='ltr'>tc</span> <span class='ocrx_word' id='word_1_105' title='bbox 382 2754 595 2851; x_wconf 75' lang='lat' dir='ltr'>huiusmodi</span> <span class='ocrx_word' id='word_1_106' title='bbox 623 2752 858 2835; x_wconf 88' lang='lat' dir='ltr'>ordinationis</span> <span class='ocrx_word' id='word_1_107' title='bbox 886 2757 983 2834; x_wconf 90' lang='lat' dir='ltr'>inter</span> <span class='ocrx_word' id='word_1_108' title='bbox 1012 2780 1076 2833; x_wconf 89' lang='lat' dir='ltr'>nos</span> <span class='ocrx_word' id='word_1_109' title='bbox 1110 2756 1347 2854; x_wconf 85' lang='lat' dir='ltr'>imposterum</span> 
     </span>
     <span class='ocr_line' id='line_1_19' title="bbox 321 2862 1348 2973; baseline 0.002 -22"><span class='ocrx_word' id='word_1_110' title='bbox 321 2880 451 2955; x_wconf 75' lang='lat' dir='ltr'>ualeat</span> <span class='ocrx_word' id='word_1_111' title='bbox 466 2862 624 2956; x_wconf 85' lang='lat' dir='ltr'>suboriri</span> <span class='ocrx_word' id='word_1_112' title='bbox 644 2878 831 2954; x_wconf 81' lang='lat' dir='ltr'>statuimus</span> <span class='ocrx_word' id='word_1_113' title='bbox 844 2876 879 2950; x_wconf 80' lang='lat' dir='ltr'>dr</span> <span class='ocrx_word' id='word_1_114' title='bbox 894 2874 1120 2973; x_wconf 87' lang='lat' dir='ltr'>presentibus</span> <span class='ocrx_word' id='word_1_115' title='bbox 1141 2876 1348 2953; x_wconf 81' lang='lat' dir='ltr'>ordinamur</span> 
     </span>
     <span class='ocr_line' id='line_1_20' title="bbox 325 2988 1350 3093; baseline -0.001 -24"><span class='ocrx_word' id='word_1_116' title='bbox 325 2996 424 3088; x_wconf 88' lang='lat' dir='ltr'>quod</span> <span class='ocrx_word' id='word_1_117' title='bbox 438 2993 464 3071; x_wconf 88' lang='lat' dir='ltr'>st</span> <span class='ocrx_word' id='word_1_118' title='bbox 480 2995 558 3093; x_wconf 87' lang='lat' dir='ltr'>quis</span> <span class='ocrx_word' id='word_1_119' title='bbox 573 2994 632 3071; x_wconf 88' lang='lat' dir='ltr'>vel</span> <span class='ocrx_word' id='word_1_120' title='bbox 650 2995 712 3091; x_wconf 87' lang='lat' dir='ltr'>qui</span> <span class='ocrx_word' id='word_1_121' title='bbox 729 2998 775 3072; x_wconf 86' lang='lat' dir='ltr'>ad</span> <span class='ocrx_word' id='word_1_122' title='bbox 789 2994 991 3091; x_wconf 80' lang='lat' dir='ltr'>prebendas</span> <span class='ocrx_word' id='word_1_123' title='bbox 1012 2989 1205 3090; x_wconf 86' lang='lat' dir='ltr'>presentati</span> <span class='ocrx_word' id='word_1_124' title='bbox 1222 2988 1350 3088; x_wconf 77' lang='lat' dir='ltr'>&amp;pos-</span> 
     </span>
     <span class='ocr_line' id='line_1_21' title="bbox 325 3107 1347 3206; baseline -0.003 -20"><span class='ocrx_word' id='word_1_125' title='bbox 325 3108 490 3189; x_wconf 85' lang='lat' dir='ltr'>sessiones</span> <span class='ocrx_word' id='word_1_126' title='bbox 507 3135 633 3189; x_wconf 87' lang='lat' dir='ltr'>earum</span> <span class='ocrx_word' id='word_1_127' title='bbox 646 3113 682 3187; x_wconf 90' lang='lat' dir='ltr'>in</span> <span class='ocrx_word' id='word_1_128' title='bbox 700 3113 762 3187; x_wconf 89' lang='lat' dir='ltr'>lite</span> <span class='ocrx_word' id='word_1_129' title='bbox 777 3111 916 3188; x_wconf 88' lang='lat' dir='ltr'>fuerint</span> <span class='ocrx_word' id='word_1_130' title='bbox 931 3110 1076 3206; x_wconf 78' lang='lat' dir='ltr'>adepti,</span> <span class='ocrx_word' id='word_1_131' title='bbox 1111 3108 1214 3184; x_wconf 87' lang='lat' dir='ltr'>ilium</span> <span class='ocrx_word' id='word_1_132' title='bbox 1228 3109 1288 3182; x_wconf 88' lang='lat' dir='ltr'>vel</span> <span class='ocrx_word' id='word_1_133' title='bbox 1301 3107 1347 3183; x_wconf 82' lang='lat' dir='ltr'>il-</span> 
     </span>
     <span class='ocr_line' id='line_1_22' title="bbox 324 3224 1347 3327; baseline -0.005 -23"><span class='ocrx_word' id='word_1_134' title='bbox 324 3230 376 3308; x_wconf 88' lang='lat' dir='ltr'>los</span> <span class='ocrx_word' id='word_1_135' title='bbox 402 3228 604 3308; x_wconf 85' lang='lat' dir='ltr'>scolasticus</span> <span class='ocrx_word' id='word_1_136' title='bbox 626 3252 696 3327; x_wconf 90' lang='lat' dir='ltr'>pro</span> <span class='ocrx_word' id='word_1_137' title='bbox 716 3247 883 3325; x_wconf 89' lang='lat' dir='ltr'>tempore</span> <span class='ocrx_word' id='word_1_138' title='bbox 909 3229 1059 3305; x_wconf 84' lang='lat' dir='ltr'>existens</span> <span class='ocrx_word' id='word_1_139' title='bbox 1086 3230 1132 3302; x_wconf 89' lang='lat' dir='ltr'>ad</span> <span class='ocrx_word' id='word_1_140' title='bbox 1155 3224 1190 3320; x_wconf 75' lang='lat' dir='ltr'>se</span> <span class='ocrx_word' id='word_1_141' title='bbox 1213 3244 1347 3301; x_wconf 80' lang='lat' dir='ltr'>vocare</span> 
     </span>
     <span class='ocr_line' id='line_1_23' title="bbox 322 3345 1347 3448; baseline -0.004 -21"><span class='ocrx_word' id='word_1_142' title='bbox 322 3348 384 3428; x_wconf 86' lang='lat' dir='ltr'>seu</span> <span class='ocrx_word' id='word_1_143' title='bbox 400 3351 566 3448; x_wconf 88' lang='lat' dir='ltr'>recipere</span> <span class='ocrx_word' id='word_1_144' title='bbox 584 3373 659 3427; x_wconf 92' lang='lat' dir='ltr'>non</span> <span class='ocrx_word' id='word_1_145' title='bbox 675 3350 795 3447; x_wconf 78' lang='lat' dir='ltr'>debet,</span> <span class='ocrx_word' id='word_1_146' title='bbox 820 3349 880 3427; x_wconf 90' lang='lat' dir='ltr'>scd</span> <span class='ocrx_word' id='word_1_147' title='bbox 899 3348 1018 3445; x_wconf 87' lang='lat' dir='ltr'>ipsum</span> <span class='ocrx_word' id='word_1_148' title='bbox 1033 3347 1148 3424; x_wconf 86' lang='lat' dir='ltr'>libere</span> <span class='ocrx_word' id='word_1_149' title='bbox 1162 3345 1347 3422; x_wconf 85' lang='lat' dir='ltr'>dimittere</span> 
     </span>
     <span class='ocr_line' id='line_1_24' title="bbox 323 3462 1347 3570; baseline -0.008 -21"><span class='ocrx_word' id='word_1_150' title='bbox 323 3488 363 3549; x_wconf 89' lang='lat' dir='ltr'>ut</span> <span class='ocrx_word' id='word_1_151' title='bbox 378 3471 588 3570; x_wconf 84' lang='lat' dir='ltr'>hujusmodi</span> <span class='ocrx_word' id='word_1_152' title='bbox 616 3471 656 3550; x_wconf 87' lang='lat' dir='ltr'>in</span> <span class='ocrx_word' id='word_1_153' title='bbox 680 3471 743 3548; x_wconf 82' lang='lat' dir='ltr'>lite</span> <span class='ocrx_word' id='word_1_154' title='bbox 763 3471 810 3549; x_wconf 83' lang='lat' dir='ltr'>fic</span> <span class='ocrx_word' id='word_1_155' title='bbox 833 3485 1001 3566; x_wconf 83' lang='lat' dir='ltr'>receptus</span> <span class='ocrx_word' id='word_1_156' title='bbox 1022 3490 1066 3544; x_wconf 90' lang='lat' dir='ltr'>eo</span> <span class='ocrx_word' id='word_1_157' title='bbox 1089 3462 1347 3544; x_wconf 71' lang='lat' dir='ltr'>ferventius&amp;</span> 
     </span>
     <span class='ocr_line' id='line_1_25' title="bbox 322 3584 1347 3692; baseline -0.01 -25"><span class='ocrx_word' id='word_1_158' title='bbox 322 3590 531 3692; x_wconf 84' lang='lat' dir='ltr'>diligentius</span> <span class='ocrx_word' id='word_1_159' title='bbox 556 3614 640 3668; x_wconf 84' lang='lat' dir='ltr'>cum</span> <span class='ocrx_word' id='word_1_160' title='bbox 657 3592 859 3669; x_wconf 87' lang='lat' dir='ltr'>redditibus</span> <span class='ocrx_word' id='word_1_161' title='bbox 878 3589 940 3666; x_wconf 82' lang='lat' dir='ltr'>sue</span> <span class='ocrx_word' id='word_1_162' title='bbox 962 3588 1146 3685; x_wconf 88' lang='lat' dir='ltr'>prebende</span> <span class='ocrx_word' id='word_1_163' title='bbox 1166 3584 1201 3661; x_wconf 88' lang='lat' dir='ltr'>se</span> <span class='ocrx_word' id='word_1_164' title='bbox 1223 3584 1347 3678; x_wconf 75' lang='lat' dir='ltr'>valeat</span> 
     </span>
     <span class='ocr_line' id='line_1_26' title="bbox 321 3702 1345 3805; baseline -0.005 -21"><span class='ocrx_word' id='word_1_165' title='bbox 321 3703 522 3804; x_wconf 82' lang='lat' dir='ltr'>defensare,</span> <span class='ocrx_word' id='word_1_166' title='bbox 540 3709 655 3786; x_wconf 84' lang='lat' dir='ltr'>donec</span> <span class='ocrx_word' id='word_1_167' title='bbox 671 3709 915 3805; x_wconf 84' lang='lat' dir='ltr'>prehendatur</span> <span class='ocrx_word' id='word_1_168' title='bbox 930 3709 966 3783; x_wconf 89' lang='lat' dir='ltr'>in</span> <span class='ocrx_word' id='word_1_169' title='bbox 982 3708 1044 3782; x_wconf 90' lang='lat' dir='ltr'>lite</span> <span class='ocrx_word' id='word_1_170' title='bbox 1061 3707 1106 3780; x_wconf 86' lang='lat' dir='ltr'>ad</span> <span class='ocrx_word' id='word_1_171' title='bbox 1122 3702 1345 3801; x_wconf 83' lang='lat' dir='ltr'>prebendam</span> 
     </span>
     <span class='ocr_line' id='line_1_27' title="bbox 319 3813 1345 3924; baseline -0.012 -21"><span class='ocrx_word' id='word_1_172' title='bbox 319 3820 545 3924; x_wconf 86' lang='lat' dir='ltr'>presentatus</span> <span class='ocrx_word' id='word_1_173' title='bbox 561 3825 663 3902; x_wconf 83' lang='lat' dir='ltr'>{itum</span> <span class='ocrx_word' id='word_1_174' title='bbox 675 3824 924 3902; x_wconf 85' lang='lat' dir='ltr'>adversarium</span> <span class='ocrx_word' id='word_1_175' title='bbox 943 3823 1072 3899; x_wconf 87' lang='lat' dir='ltr'>vicerit</span> <span class='ocrx_word' id='word_1_176' title='bbox 1087 3820 1143 3895; x_wconf 91' lang='lat' dir='ltr'>vel</span> <span class='ocrx_word' id='word_1_177' title='bbox 1160 3813 1345 3912; x_wconf 85' lang='lat' dir='ltr'>persuum</span> 
     </span>
     <span class='ocr_line' id='line_1_28' title="bbox 316 3932 1345 4030; baseline -0.011 -8"><span class='ocrx_word' id='word_1_178' title='bbox 316 3936 570 4030; x_wconf 84' lang='lat' dir='ltr'>adversarium</span> <span class='ocrx_word' id='word_1_179' title='bbox 586 3939 826 4018; x_wconf 74' lang='lat' dir='ltr'>effedtuaiiter</span> <span class='ocrx_word' id='word_1_180' title='bbox 842 3938 956 4015; x_wconf 85' lang='lat' dir='ltr'>fucrit</span> <span class='ocrx_word' id='word_1_181' title='bbox 980 3932 1165 4014; x_wconf 65' lang='lat' dir='ltr'>erictus&amp;</span> <span class='ocrx_word' id='word_1_182' title='bbox 1191 3953 1236 4010; x_wconf 81' lang='lat' dir='ltr'>ex</span> <span class='ocrx_word' id='word_1_183' title='bbox 1259 3947 1345 4011; x_wconf 91' lang='lat' dir='ltr'>tunc</span> 
     </span>
     <span class='ocr_line' id='line_1_29' title="bbox 315 4046 1345 4151; baseline -0.012 -17"><span class='ocrx_word' id='word_1_184' title='bbox 315 4054 521 4134; x_wconf 86' lang='lat' dir='ltr'>scolasticus</span> <span class='ocrx_word' id='word_1_185' title='bbox 537 4056 640 4132; x_wconf 87' lang='lat' dir='ltr'>illum</span> <span class='ocrx_word' id='word_1_186' title='bbox 669 4056 731 4151; x_wconf 82' lang='lat' dir='ltr'>qui</span> <span class='ocrx_word' id='word_1_187' title='bbox 751 4055 788 4131; x_wconf 91' lang='lat' dir='ltr'>in</span> <span class='ocrx_word' id='word_1_188' title='bbox 803 4055 867 4130; x_wconf 91' lang='lat' dir='ltr'>lite</span> <span class='ocrx_word' id='word_1_189' title='bbox 897 4048 1181 4148; x_wconf 84' lang='lat' dir='ltr'>triumphaverit</span> <span class='ocrx_word' id='word_1_190' title='bbox 1203 4046 1237 4120; x_wconf 83' lang='lat' dir='ltr'>dr</span> <span class='ocrx_word' id='word_1_191' title='bbox 1261 4067 1345 4140; x_wconf 87' lang='lat' dir='ltr'>pte·</span> 
     </span>
     <span class='ocr_line' id='line_1_30' title="bbox 315 4161 1346 4282; baseline -0.01 -29"><span class='ocrx_word' id='word_1_192' title='bbox 315 4172 477 4254; x_wconf 76' lang='lat' dir='ltr'>bendani</span> <span class='ocrx_word' id='word_1_193' title='bbox 505 4172 704 4282; x_wconf 84' lang='lat' dir='ltr'>obtinuerit</span> <span class='ocrx_word' id='word_1_194' title='bbox 730 4173 834 4251; x_wconf 87' lang='lat' dir='ltr'>adse</span> <span class='ocrx_word' id='word_1_195' title='bbox 863 4166 1207 4265; x_wconf 77' lang='lat' dir='ltr'>vocarcipsurnque</span> <span class='ocrx_word' id='word_1_196' title='bbox 1226 4161 1346 4243; x_wconf 84' lang='lat' dir='ltr'>secum</span> 
     </span>
    </p>

    <p class='ocr_par' dir='ltr' id='par_1_8' title="bbox 796 4294 1299 4390">
     <span class='ocr_line' id='line_1_31' title="bbox 796 4294 1299 4390; baseline -0.01 -27"><span class='ocrx_word' id='word_1_197' title='bbox 796 4294 833 4373; x_wconf 90' lang='lat' dir='ltr'>H</span> <span class='ocrx_word' id='word_1_198' title='bbox 857 4318 883 4390; x_wconf 88' lang='lat'>4</span> <span class='ocrx_word' id='word_1_199' title='bbox 975 4345 997 4362; x_wconf 86' lang='lat'>-.</span> <span class='ocrx_word' id='word_1_200' title='bbox 1194 4301 1299 4364; x_wconf 52' lang='lat' dir='ltr'>tener</span> 
     </span>
    </p>
   </div>
   <div class='ocr_carea' id='block_1_8' title="bbox 0 0 1710 5117">
    <p class='ocr_par' dir='ltr' id='par_1_9' title="bbox 0 0 1710 5117">
     <span class='ocr_line' id='line_1_32' title="bbox 0 0 1710 5117; baseline 0 2"><span class='ocrx_word' id='word_1_201' title='bbox 0 0 1710 5117; x_wconf 95' lang='lat' dir='ltr'> </span> 
     </span>
    </p>
   </div>
  </div>
 </body>
</html>
