<?xml version="1.0" encoding="UTF-8"?>
<!DOCTYPE html PUBLIC "-//W3C//DTD XHTML 1.0 Transitional//EN"
    "http://www.w3.org/TR/xhtml1/DTD/xhtml1-transitional.dtd">
<html xmlns="http://www.w3.org/1999/xhtml" xml:lang="en" lang="en">
 <head>
  <title>
</title>
<meta http-equiv="Content-Type" content="text/html;charset=utf-8" />
  <meta name='ocr-system' content='tesseract 3.04.00' />
  <meta name='ocr-capabilities' content='ocr_page ocr_carea ocr_par ocr_line ocrx_word'/>
</head>
<body>
  <div class='ocr_page' id='page_1' title='image "./subsidiadiploma00wrgoog_0352.png"; bbox 0 0 3409 5117; ppageno 0'>
   <div class='ocr_carea' id='block_1_1' title="bbox 384 548 992 644">
    <p class='ocr_par' dir='ltr' id='par_1_1' title="bbox 384 548 992 644">
     <span class='ocr_line' id='line_1_1' title="bbox 384 548 992 644; baseline 0.005 -37"><span class='ocrx_word' id='word_1_1' title='bbox 384 568 458 644; x_wconf 70' lang='lat'>3¹0</span> <span class='ocrx_word' id='word_1_2' title='bbox 720 548 992 610; x_wconf 52' lang='lat' dir='ltr'>Um</span> 
     </span>
    </p>
   </div>
   <div class='ocr_carea' id='block_1_2' title="bbox 295 719 1372 3927">
    <p class='ocr_par' dir='ltr' id='par_1_2' title="bbox 295 719 1408 3927">
     <span class='ocr_line' id='line_1_2' title="bbox 333 719 1366 824; baseline 0.004 -21"><span class='ocrx_word' id='word_1_3' title='bbox 333 721 497 824; x_wconf 86' lang='lat' dir='ltr'>requirio</span> <span class='ocrx_word' id='word_1_4' title='bbox 509 719 545 798; x_wconf 90' lang='lat' dir='ltr'>iu</span> <span class='ocrx_word' id='word_1_5' title='bbox 561 731 640 797; x_wconf 88' lang='lat' dir='ltr'>toto</span> <span class='ocrx_word' id='word_1_6' title='bbox 655 719 756 798; x_wconf 86' lang='lat' dir='ltr'>clero</span> <span class='ocrx_word' id='word_1_7' title='bbox 766 722 888 799; x_wconf 84' lang='lat' dir='ltr'>nostro</span> <span class='ocrx_word' id='word_1_8' title='bbox 903 724 941 801; x_wconf 95' lang='lat' dir='ltr'>in</span> <span class='ocrx_word' id='word_1_9' title='bbox 957 721 1062 800; x_wconf 88' lang='lat' dir='ltr'>bonis</span> <span class='ocrx_word' id='word_1_10' title='bbox 1079 723 1228 822; x_wconf 88' lang='lat' dir='ltr'>quidem</span> <span class='ocrx_word' id='word_1_11' title='bbox 1245 725 1366 807; x_wconf 82' lang='lat' dir='ltr'>vntu-</span> 
     </span>
     <span class='ocr_line' id='line_1_3' title="bbox 335 844 1368 944; baseline 0.004 -19"><span class='ocrx_word' id='word_1_12' title='bbox 335 864 388 925; x_wconf 88' lang='lat' dir='ltr'>tes</span> <span class='ocrx_word' id='word_1_13' title='bbox 405 851 594 940; x_wconf 88' lang='lat' dir='ltr'>plantare,</span> <span class='ocrx_word' id='word_1_14' title='bbox 619 844 797 937; x_wconf 86' lang='lat' dir='ltr'>plantatas</span> <span class='ocrx_word' id='word_1_15' title='bbox 813 867 971 944; x_wconf 84' lang='lat' dir='ltr'>augere,</span> <span class='ocrx_word' id='word_1_16' title='bbox 995 845 1119 922; x_wconf 68' lang='lat' dir='ltr'>audias</span> <span class='ocrx_word' id='word_1_17' title='bbox 1135 849 1368 943; x_wconf 73' lang='lat' dir='ltr'>perlicere&amp;</span> 
     </span>
     <span class='ocr_line' id='line_1_4' title="bbox 335 963 1367 1054; baseline -0.001 -9"><span class='ocrx_word' id='word_1_18' title='bbox 335 965 567 1054; x_wconf 79' lang='lat' dir='ltr'>conl&#39;e&#39;ruare,</span> <span class='ocrx_word' id='word_1_19' title='bbox 590 964 627 1038; x_wconf 92' lang='lat' dir='ltr'>in</span> <span class='ocrx_word' id='word_1_20' title='bbox 642 964 745 1038; x_wconf 85' lang='lat' dir='ltr'>rualis</span> <span class='ocrx_word' id='word_1_21' title='bbox 764 986 856 1039; x_wconf 91' lang='lat' dir='ltr'>vero</span> <span class='ocrx_word' id='word_1_22' title='bbox 881 987 925 1039; x_wconf 85' lang='lat' dir='ltr'>ex</span> <span class='ocrx_word' id='word_1_23' title='bbox 947 963 1103 1041; x_wconf 86' lang='lat' dir='ltr'>aduerso</span> <span class='ocrx_word' id='word_1_24' title='bbox 1120 968 1217 1042; x_wconf 88' lang='lat' dir='ltr'>vicia</span> <span class='ocrx_word' id='word_1_25' title='bbox 1235 991 1285 1042; x_wconf 91' lang='lat' dir='ltr'>ne</span> <span class='ocrx_word' id='word_1_26' title='bbox 1307 991 1367 1045; x_wconf 81' lang='lat' dir='ltr'>ac·</span> 
     </span>
     <span class='ocr_line' id='line_1_5' title="bbox 335 1079 1367 1179; baseline 0 -20"><span class='ocrx_word' id='word_1_27' title='bbox 335 1082 459 1160; x_wconf 79' lang='lat' dir='ltr'>ridant</span> <span class='ocrx_word' id='word_1_28' title='bbox 479 1083 698 1174; x_wconf 77' lang='lat' dir='ltr'>prevenire,</span> <span class='ocrx_word' id='word_1_29' title='bbox 732 1086 963 1179; x_wconf 74' lang='lat' dir='ltr'>emergencia</span> <span class='ocrx_word' id='word_1_30' title='bbox 987 1079 1216 1177; x_wconf 82' lang='lat' dir='ltr'>supprimere</span> <span class='ocrx_word' id='word_1_31' title='bbox 1236 1084 1274 1157; x_wconf 69' lang='lat' dir='ltr'>oz</span> <span class='ocrx_word' id='word_1_32' title='bbox 1294 1082 1367 1178; x_wconf 86' lang='lat' dir='ltr'>jam</span> 
     </span>
     <span class='ocr_line' id='line_1_6' title="bbox 336 1185 1367 1300; baseline -0.007 -21"><span class='ocrx_word' id='word_1_33' title='bbox 336 1185 475 1280; x_wconf 86' lang='lat' dir='ltr'>emersa</span> <span class='ocrx_word' id='word_1_34' title='bbox 492 1197 653 1275; x_wconf 84' lang='lat' dir='ltr'>funditus</span> <span class='ocrx_word' id='word_1_35' title='bbox 670 1223 844 1298; x_wconf 86' lang='lat' dir='ltr'>quantum</span> <span class='ocrx_word' id='word_1_36' title='bbox 864 1199 1048 1297; x_wconf 72' lang='lat' dir='ltr'>poliemus</span> <span class='ocrx_word' id='word_1_37' title='bbox 1064 1205 1269 1300; x_wconf 75' lang='lat' dir='ltr'>extirpare,</span> <span class='ocrx_word' id='word_1_38' title='bbox 1289 1224 1367 1278; x_wconf 81' lang='lat' dir='ltr'>nra.</span> 
     </span>
     <span class='ocr_line' id='line_1_7' title="bbox 336 1323 1364 1419; baseline 0.002 -19"><span class='ocrx_word' id='word_1_39' title='bbox 336 1323 569 1400; x_wconf 79' lang='lat' dir='ltr'>ximetamon</span> <span class='ocrx_word' id='word_1_40' title='bbox 582 1325 617 1398; x_wconf 82' lang='lat' dir='ltr'>ln</span> <span class='ocrx_word' id='word_1_41' title='bbox 634 1323 689 1398; x_wconf 80' lang='lat' dir='ltr'>liis</span> <span class='ocrx_word' id='word_1_42' title='bbox 702 1326 900 1414; x_wconf 79' lang='lat' dir='ltr'>multarum</span> <span class='ocrx_word' id='word_1_43' title='bbox 919 1326 1166 1399; x_wconf 80' lang='lat' dir='ltr'>calamitatum</span> <span class='ocrx_word' id='word_1_44' title='bbox 1186 1327 1364 1419; x_wconf 84' lang='lat' dir='ltr'>tempori·</span> 
     </span>
     <span class='ocr_line' id='line_1_8' title="bbox 337 1439 1366 1542; baseline 0.004 -26"><span class='ocrx_word' id='word_1_45' title='bbox 337 1441 407 1519; x_wconf 87' lang='lat' dir='ltr'>bus</span> <span class='ocrx_word' id='word_1_46' title='bbox 422 1442 679 1539; x_wconf 87' lang='lat' dir='ltr'>quibusomnis</span> <span class='ocrx_word' id='word_1_47' title='bbox 691 1461 765 1520; x_wconf 84' lang='lat' dir='ltr'>tam</span> <span class='ocrx_word' id='word_1_48' title='bbox 776 1443 990 1520; x_wconf 79' lang='lat' dir='ltr'>secularium</span> <span class='ocrx_word' id='word_1_49' title='bbox 1000 1464 1108 1542; x_wconf 88' lang='lat' dir='ltr'>quam</span> <span class='ocrx_word' id='word_1_50' title='bbox 1119 1439 1366 1536; x_wconf 79' lang='lat' dir='ltr'>spiritualium</span> 
     </span>
     <span class='ocr_line' id='line_1_9' title="bbox 319 1558 1364 1660; baseline 0.011 -28"><span class='ocrx_word' id='word_1_51' title='bbox 319 1617 321 1622; x_wconf 91' lang='lat'><em>.</em></span> <span class='ocrx_word' id='word_1_52' title='bbox 338 1558 578 1660; x_wconf 86' lang='lat' dir='ltr'>personarum</span> <span class='ocrx_word' id='word_1_53' title='bbox 596 1564 705 1637; x_wconf 86' lang='lat' dir='ltr'>status</span> <span class='ocrx_word' id='word_1_54' title='bbox 729 1562 880 1639; x_wconf 78' lang='lat' dir='ltr'>diverlis</span> <span class='ocrx_word' id='word_1_55' title='bbox 898 1563 1107 1639; x_wconf 83' lang='lat' dir='ltr'>concutitur</span> <span class='ocrx_word' id='word_1_56' title='bbox 1122 1565 1364 1643; x_wconf 80' lang='lat' dir='ltr'>incommodis</span> 
     </span>
     <span class='ocr_line' id='line_1_10' title="bbox 334 1683 1366 1787; baseline 0.004 -29"><span class='ocrx_word' id='word_1_57' title='bbox 334 1683 582 1759; x_wconf 83' lang='lat' dir='ltr'>anxietatibus</span> <span class='ocrx_word' id='word_1_58' title='bbox 594 1685 765 1780; x_wconf 86' lang='lat' dir='ltr'>periculis</span> <span class='ocrx_word' id='word_1_59' title='bbox 781 1685 815 1760; x_wconf 79' lang='lat' dir='ltr'>dr</span> <span class='ocrx_word' id='word_1_60' title='bbox 832 1685 986 1777; x_wconf 85' lang='lat' dir='ltr'>morbis,</span> <span class='ocrx_word' id='word_1_61' title='bbox 1002 1708 1146 1787; x_wconf 84' lang='lat' dir='ltr'>omnem</span> <span class='ocrx_word' id='word_1_62' title='bbox 1164 1684 1270 1761; x_wconf 87' lang='lat' dir='ltr'>uobis</span> <span class='ocrx_word' id='word_1_63' title='bbox 1285 1684 1366 1783; x_wconf 75' lang='lat' dir='ltr'>pos·</span> 
     </span>
     <span class='ocr_line' id='line_1_11' title="bbox 338 1798 1366 1899; baseline 0.006 -22"><span class='ocrx_word' id='word_1_64' title='bbox 338 1798 479 1877; x_wconf 79' lang='lat' dir='ltr'>sibilent</span> <span class='ocrx_word' id='word_1_65' title='bbox 502 1821 670 1880; x_wconf 87' lang='lat' dir='ltr'>conatum</span> <span class='ocrx_word' id='word_1_66' title='bbox 693 1804 861 1879; x_wconf 89' lang='lat' dir='ltr'>adbiberi</span> <span class='ocrx_word' id='word_1_67' title='bbox 876 1805 992 1899; x_wconf 89' lang='lat' dir='ltr'>parati</span> <span class='ocrx_word' id='word_1_68' title='bbox 1011 1802 1152 1893; x_wconf 88' lang='lat' dir='ltr'>sumus,</span> <span class='ocrx_word' id='word_1_69' title='bbox 1191 1825 1265 1899; x_wconf 77' lang='lat' dir='ltr'>quo</span> <span class='ocrx_word' id='word_1_70' title='bbox 1292 1820 1366 1883; x_wconf 87' lang='lat' dir='ltr'>tarn</span> 
     </span>
     <span class='ocr_line' id='line_1_12' title="bbox 339 1919 1365 2030; baseline 0.006 -32"><span class='ocrx_word' id='word_1_71' title='bbox 339 1921 524 2021; x_wconf 81' lang='lat' dir='ltr'>preceptis·</span> <span class='ocrx_word' id='word_1_72' title='bbox 546 1923 683 2021; x_wconf 83' lang='lat' dir='ltr'>previjs</span> <span class='ocrx_word' id='word_1_73' title='bbox 713 1945 822 2021; x_wconf 88' lang='lat' dir='ltr'>quam</span> <span class='ocrx_word' id='word_1_74' title='bbox 849 1919 1148 2025; x_wconf 85' lang='lat' dir='ltr'>subsequentibus</span> <span class='ocrx_word' id='word_1_75' title='bbox 1175 1923 1365 2030; x_wconf 82' lang='lat' dir='ltr'>condignis</span> 
     </span>
     <span class='ocr_line' id='line_1_13' title="bbox 339 2043 1366 2143; baseline 0.012 -25"><span class='ocrx_word' id='word_1_76' title='bbox 339 2044 443 2143; x_wconf 90' lang='lat' dir='ltr'>penis</span> <span class='ocrx_word' id='word_1_77' title='bbox 472 2060 706 2139; x_wconf 84' lang='lat' dir='ltr'>peccatorum</span> <span class='ocrx_word' id='word_1_78' title='bbox 735 2044 882 2120; x_wconf 82' lang='lat' dir='ltr'>licentio</span> <span class='ocrx_word' id='word_1_79' title='bbox 910 2043 1149 2122; x_wconf 75' lang='lat' dir='ltr'>&amp;malorum</span> <span class='ocrx_word' id='word_1_80' title='bbox 1174 2046 1366 2130; x_wconf 87' lang='lat' dir='ltr'>bominum</span> 
     </span>
     <span class='ocr_line' id='line_1_14' title="bbox 340 2157 1366 2259; baseline 0.007 -20"><span class='ocrx_word' id='word_1_81' title='bbox 340 2160 495 2257; x_wconf 78' lang='lat' dir='ltr'>lasciuijs</span> <span class='ocrx_word' id='word_1_82' title='bbox 511 2157 703 2248; x_wconf 82' lang='lat' dir='ltr'>rebellioni</span> <span class='ocrx_word' id='word_1_83' title='bbox 728 2161 763 2237; x_wconf 78' lang='lat' dir='ltr'>dt</span> <span class='ocrx_word' id='word_1_84' title='bbox 784 2162 1049 2259; x_wconf 84' lang='lat' dir='ltr'>multiplicibus</span> <span class='ocrx_word' id='word_1_85' title='bbox 1073 2166 1272 2244; x_wconf 80' lang='lat' dir='ltr'>exceffibus</span> <span class='ocrx_word' id='word_1_86' title='bbox 1302 2169 1366 2247; x_wconf 86' lang='lat' dir='ltr'>ob·</span> 
     </span>
     <span class='ocr_line' id='line_1_15' title="bbox 295 2265 1366 2383; baseline 0.006 -26"><span class='ocrx_word' id='word_1_87' title='bbox 295 2376 298 2382; x_wconf 30' lang='grc'><em>,</em></span> <span class='ocrx_word' id='word_1_88' title='bbox 336 2279 515 2357; x_wconf 78' lang='lat' dir='ltr'>staculum</span> <span class='ocrx_word' id='word_1_89' title='bbox 530 2302 706 2379; x_wconf 87' lang='lat' dir='ltr'>ponamus</span> <span class='ocrx_word' id='word_1_90' title='bbox 723 2265 796 2357; x_wconf 89' lang='lat' dir='ltr'>non</span> <span class='ocrx_word' id='word_1_91' title='bbox 813 2280 933 2382; x_wconf 86' lang='lat' dir='ltr'>ignari</span> <span class='ocrx_word' id='word_1_92' title='bbox 950 2299 1125 2379; x_wconf 88' lang='lat' dir='ltr'>quantum</span> <span class='ocrx_word' id='word_1_93' title='bbox 1144 2285 1264 2362; x_wconf 87' lang='lat' dir='ltr'>damni</span> <span class='ocrx_word' id='word_1_94' title='bbox 1280 2291 1366 2383; x_wconf 89' lang='lat' dir='ltr'>pro·</span> 
     </span>
     <span class='ocr_line' id='line_1_16' title="bbox 337 2399 1366 2505; baseline 0.011 -32"><span class='ocrx_word' id='word_1_95' title='bbox 337 2402 466 2475; x_wconf 81' lang='lat' dir='ltr'>ueniat</span> <span class='ocrx_word' id='word_1_96' title='bbox 482 2402 517 2474; x_wconf 87' lang='lat' dir='ltr'>in</span> <span class='ocrx_word' id='word_1_97' title='bbox 527 2402 665 2495; x_wconf 89' lang='lat' dir='ltr'>populo</span> <span class='ocrx_word' id='word_1_98' title='bbox 680 2423 725 2475; x_wconf 86' lang='lat' dir='ltr'>ex</span> <span class='ocrx_word' id='word_1_99' title='bbox 742 2399 1010 2478; x_wconf 83' lang='lat' dir='ltr'>vitamalorunr</span> <span class='ocrx_word' id='word_1_100' title='bbox 1029 2399 1267 2484; x_wconf 75' lang='lat' dir='ltr'>sacerdotum.</span> <span class='ocrx_word' id='word_1_101' title='bbox 1278 2412 1366 2505; x_wconf 90' lang='lat' dir='ltr'>quo&#39;·</span> 
     </span>
     <span class='ocr_line' id='line_1_17' title="bbox 339 2516 1369 2616; baseline 0.008 -20"><span class='ocrx_word' id='word_1_102' title='bbox 339 2541 423 2596; x_wconf 89' lang='lat' dir='ltr'>rum</span> <span class='ocrx_word' id='word_1_103' title='bbox 451 2516 758 2616; x_wconf 67' lang='lat' dir='ltr'>operri‘perverfia</span> <span class='ocrx_word' id='word_1_104' title='bbox 787 2523 869 2616; x_wconf 88' lang='lat' dir='ltr'>plus</span> <span class='ocrx_word' id='word_1_105' title='bbox 891 2524 1084 2596; x_wconf 91' lang='lat' dir='ltr'>attendunt</span> <span class='ocrx_word' id='word_1_106' title='bbox 1115 2540 1156 2598; x_wconf 89' lang='lat' dir='ltr'>ut</span> <span class='ocrx_word' id='word_1_107' title='bbox 1178 2526 1369 2606; x_wconf 89' lang='lat' dir='ltr'>imitentur</span> 
     </span>
     <span class='ocr_line' id='line_1_18' title="bbox 341 2638 1366 2739; baseline 0.012 -25"><span class='ocrx_word' id='word_1_108' title='bbox 341 2663 450 2738; x_wconf 89' lang='lat' dir='ltr'>quam</span> <span class='ocrx_word' id='word_1_109' title='bbox 470 2643 689 2738; x_wconf 65' lang='lat' dir='ltr'>lucescant,</span> <span class='ocrx_word' id='word_1_110' title='bbox 707 2663 791 2717; x_wconf 85' lang='lat' dir='ltr'>cunr</span> <span class='ocrx_word' id='word_1_111' title='bbox 803 2655 924 2714; x_wconf 88' lang='lat' dir='ltr'>autem</span> <span class='ocrx_word' id='word_1_112' title='bbox 938 2662 1010 2716; x_wconf 92' lang='lat' dir='ltr'>nou</span> <span class='ocrx_word' id='word_1_113' title='bbox 1025 2638 1209 2739; x_wconf 72' lang='lat' dir='ltr'>pulsamus</span> <span class='ocrx_word' id='word_1_114' title='bbox 1222 2668 1366 2727; x_wconf 83' lang='lat' dir='ltr'>onmem</span> 
     </span>
     <span class='ocr_line' id='line_1_19' title="bbox 340 2761 1367 2863; baseline 0.008 -26"><span class='ocrx_word' id='word_1_115' title='bbox 340 2761 522 2838; x_wconf 83' lang='lat' dir='ltr'>Zizaniam</span> <span class='ocrx_word' id='word_1_116' title='bbox 537 2764 734 2853; x_wconf 83' lang='lat' dir='ltr'>eradicare,</span> <span class='ocrx_word' id='word_1_117' title='bbox 749 2787 794 2838; x_wconf 87' lang='lat' dir='ltr'>ne</span> <span class='ocrx_word' id='word_1_118' title='bbox 806 2763 902 2839; x_wconf 85' lang='lat' dir='ltr'>forte</span> <span class='ocrx_word' id='word_1_119' title='bbox 920 2768 1120 2841; x_wconf 89' lang='lat' dir='ltr'>evellamus</span> <span class='ocrx_word' id='word_1_120' title='bbox 1136 2766 1170 2841; x_wconf 76' lang='lat' dir='ltr'>dr</span> <span class='ocrx_word' id='word_1_121' title='bbox 1189 2769 1367 2863; x_wconf 84' lang='lat' dir='ltr'>triticum,</span> 
     </span>
     <span class='ocr_line' id='line_1_20' title="bbox 340 2882 1369 2982; baseline 0.009 -23"><span class='ocrx_word' id='word_1_122' title='bbox 340 2882 581 2982; x_wconf 84' lang='lat' dir='ltr'>proponimus</span> <span class='ocrx_word' id='word_1_123' title='bbox 599 2898 720 2958; x_wconf 89' lang='lat' dir='ltr'>tamen</span> <span class='ocrx_word' id='word_1_124' title='bbox 738 2904 888 2981; x_wconf 87' lang='lat' dir='ltr'>operam</span> <span class='ocrx_word' id='word_1_125' title='bbox 913 2886 1000 2961; x_wconf 89' lang='lat' dir='ltr'>dare</span> <span class='ocrx_word' id='word_1_126' title='bbox 1023 2900 1063 2958; x_wconf 92' lang='lat' dir='ltr'>ut</span> <span class='ocrx_word' id='word_1_127' title='bbox 1087 2903 1265 2982; x_wconf 86' lang='lat' dir='ltr'>quantum</span> <span class='ocrx_word' id='word_1_128' title='bbox 1290 2890 1369 2968; x_wconf 84' lang='lat' dir='ltr'>fieri</span> 
     </span>
     <span class='ocr_line' id='line_1_21' title="bbox 341 2998 1367 3103; baseline 0.011 -31"><span class='ocrx_word' id='word_1_129' title='bbox 341 2998 449 3099; x_wconf 79' lang='lat' dir='ltr'>posin</span> <span class='ocrx_word' id='word_1_130' title='bbox 464 3001 546 3076; x_wconf 88' lang='lat' dir='ltr'>mali</span> <span class='ocrx_word' id='word_1_131' title='bbox 565 2998 627 3074; x_wconf 82' lang='lat' dir='ltr'>fibi</span> <span class='ocrx_word' id='word_1_132' title='bbox 644 2998 725 3097; x_wconf 77' lang='lat' dir='ltr'>ipsis</span> <span class='ocrx_word' id='word_1_133' title='bbox 736 3014 877 3076; x_wconf 89' lang='lat' dir='ltr'>tautum</span> <span class='ocrx_word' id='word_1_134' title='bbox 893 3000 980 3075; x_wconf 90' lang='lat' dir='ltr'>mali</span> <span class='ocrx_word' id='word_1_135' title='bbox 995 2998 1062 3077; x_wconf 80' lang='lat' dir='ltr'>fint</span> <span class='ocrx_word' id='word_1_136' title='bbox 1080 3003 1112 3077; x_wconf 80' lang='lat' dir='ltr'>dr</span> <span class='ocrx_word' id='word_1_137' title='bbox 1132 3000 1206 3079; x_wconf 89' lang='lat' dir='ltr'>sese</span> <span class='ocrx_word' id='word_1_138' title='bbox 1223 3008 1284 3081; x_wconf 88' lang='lat' dir='ltr'>vel</span> <span class='ocrx_word' id='word_1_139' title='bbox 1296 3007 1367 3103; x_wconf 81' lang='lat' dir='ltr'>hie,</span> 
     </span>
     <span class='ocr_line' id='line_1_22' title="bbox 344 3114 1366 3223; baseline 0.007 -31"><span class='ocrx_word' id='word_1_140' title='bbox 344 3124 442 3219; x_wconf 88' lang='lat' dir='ltr'>quod</span> <span class='ocrx_word' id='word_1_141' title='bbox 461 3118 701 3213; x_wconf 79' lang='lat' dir='ltr'>tolerabilius,</span> <span class='ocrx_word' id='word_1_142' title='bbox 726 3121 783 3195; x_wconf 90' lang='lat' dir='ltr'>vel</span> <span class='ocrx_word' id='word_1_143' title='bbox 798 3119 834 3192; x_wconf 93' lang='lat' dir='ltr'>in</span> <span class='ocrx_word' id='word_1_144' title='bbox 852 3114 977 3193; x_wconf 83' lang='lat' dir='ltr'>futura</span> <span class='ocrx_word' id='word_1_145' title='bbox 993 3118 1085 3213; x_wconf 82' lang='lat' dir='ltr'>vita,</span> <span class='ocrx_word' id='word_1_146' title='bbox 1103 3123 1202 3216; x_wconf 88' lang='lat' dir='ltr'>quod</span> <span class='ocrx_word' id='word_1_147' title='bbox 1216 3124 1366 3223; x_wconf 86' lang='lat' dir='ltr'>grauius</span> 
     </span>
     <span class='ocr_line' id='line_1_23' title="bbox 344 3232 1367 3333; baseline -0.001 -19"><span class='ocrx_word' id='word_1_148' title='bbox 344 3239 418 3329; x_wconf 65' lang='lat' dir='ltr'>est,</span> <span class='ocrx_word' id='word_1_149' title='bbox 442 3234 553 3310; x_wconf 84' lang='lat' dir='ltr'>sciant</span> <span class='ocrx_word' id='word_1_150' title='bbox 569 3232 638 3309; x_wconf 83' lang='lat' dir='ltr'>elle</span> <span class='ocrx_word' id='word_1_151' title='bbox 655 3234 856 3333; x_wconf 88' lang='lat' dir='ltr'>puniendos</span> <span class='ocrx_word' id='word_1_152' title='bbox 866 3232 886 3325; x_wconf 73' lang='grc'>,’</span> <span class='ocrx_word' id='word_1_153' title='bbox 910 3235 1159 3332; x_wconf 87' lang='lat' dir='ltr'>ideoqueper</span> <span class='ocrx_word' id='word_1_154' title='bbox 1181 3238 1283 3317; x_wconf 87' lang='lat' dir='ltr'>hune</span> <span class='ocrx_word' id='word_1_155' title='bbox 1305 3260 1367 3315; x_wconf 91' lang='lat' dir='ltr'>no·</span> 
     </span>
     <span class='ocr_line' id='line_1_24' title="bbox 343 3346 1367 3448; baseline -0.003 -20"><span class='ocrx_word' id='word_1_156' title='bbox 343 3356 456 3433; x_wconf 85' lang='lat' dir='ltr'>strum</span> <span class='ocrx_word' id='word_1_157' title='bbox 473 3346 676 3443; x_wconf 79' lang='lat' dir='ltr'>proceffurn</span> <span class='ocrx_word' id='word_1_158' title='bbox 693 3348 869 3424; x_wconf 79' lang='lat' dir='ltr'>uniuersis</span> <span class='ocrx_word' id='word_1_159' title='bbox 886 3346 1078 3448; x_wconf 73' lang='lat' dir='ltr'>&amp;singulis</span> <span class='ocrx_word' id='word_1_160' title='bbox 1097 3348 1218 3424; x_wconf 87' lang='lat' dir='ltr'>nostre</span> <span class='ocrx_word' id='word_1_161' title='bbox 1233 3349 1367 3427; x_wconf 87' lang='lat' dir='ltr'>dicioni</span> 
     </span>
     <span class='ocr_line' id='line_1_25' title="bbox 309 3466 1367 3566; baseline 0.009 -28"><span class='ocrx_word' id='word_1_162' title='bbox 309 3534 311 3538; x_wconf 84' lang='grc'><em>,</em></span> <span class='ocrx_word' id='word_1_163' title='bbox 343 3466 512 3566; x_wconf 76' lang='lat' dir='ltr'>subjedlis</span> <span class='ocrx_word' id='word_1_164' title='bbox 529 3469 688 3543; x_wconf 70' lang='lat' dir='ltr'>districle</span> <span class='ocrx_word' id='word_1_165' title='bbox 708 3469 943 3563; x_wconf 89' lang='lat' dir='ltr'>precipiendo</span> <span class='ocrx_word' id='word_1_166' title='bbox 960 3468 1172 3543; x_wconf 88' lang='lat' dir='ltr'>mandamus</span> <span class='ocrx_word' id='word_1_167' title='bbox 1190 3484 1367 3564; x_wconf 83' lang='lat' dir='ltr'>quatenus</span> 
     </span>
     <span class='ocr_line' id='line_1_26' title="bbox 345 3588 1369 3694; baseline 0.001 -26"><span class='ocrx_word' id='word_1_168' title='bbox 345 3593 392 3668; x_wconf 88' lang='lat' dir='ltr'>ab</span> <span class='ocrx_word' id='word_1_169' title='bbox 417 3588 645 3694; x_wconf 75' lang='lat' dir='ltr'>onmibusdr</span> <span class='ocrx_word' id='word_1_170' title='bbox 671 3588 817 3689; x_wconf 81' lang='lat' dir='ltr'>fingulis</span> <span class='ocrx_word' id='word_1_171' title='bbox 849 3591 979 3688; x_wconf 88' lang='lat' dir='ltr'>quibus</span> <span class='ocrx_word' id='word_1_172' title='bbox 1003 3591 1243 3685; x_wconf 88' lang='lat' dir='ltr'>undecunque</span> <span class='ocrx_word' id='word_1_173' title='bbox 1269 3590 1369 3669; x_wconf 84' lang='lat' dir='ltr'>laicis</span> 
     </span>
     <span class='ocr_line' id='line_1_27' title="bbox 343 3703 1370 3810; baseline 0.004 -27"><span class='ocrx_word' id='word_1_174' title='bbox 343 3710 451 3810; x_wconf 77' lang='lat' dir='ltr'>polbt</span> <span class='ocrx_word' id='word_1_175' title='bbox 466 3703 667 3784; x_wconf 83' lang='lat' dir='ltr'>scandalum</span> <span class='ocrx_word' id='word_1_176' title='bbox 685 3711 719 3785; x_wconf 79' lang='lat' dir='ltr'>dr</span> <span class='ocrx_word' id='word_1_177' title='bbox 735 3709 822 3784; x_wconf 89' lang='lat' dir='ltr'>mali</span> <span class='ocrx_word' id='word_1_178' title='bbox 838 3709 975 3785; x_wconf 81' lang='lat' dir='ltr'>occasio</span> <span class='ocrx_word' id='word_1_179' title='bbox 996 3705 1145 3803; x_wconf 87' lang='lat' dir='ltr'>preberi</span> <span class='ocrx_word' id='word_1_180' title='bbox 1162 3708 1370 3787; x_wconf 76' lang='lat' dir='ltr'>caveant&amp;</span> 
     </span>
     <span class='ocr_line' id='line_1_28' title="bbox 345 3827 1372 3927; baseline 0 -22"><span class='ocrx_word' id='word_1_181' title='bbox 345 3832 514 3924; x_wconf 79' lang='lat' dir='ltr'>deinceps</span> <span class='ocrx_word' id='word_1_182' title='bbox 531 3830 752 3924; x_wconf 72' lang='lat' dir='ltr'>abstineant,</span> <span class='ocrx_word' id='word_1_183' title='bbox 776 3832 951 3927; x_wconf 87' lang='lat' dir='ltr'>precipue</span> <span class='ocrx_word' id='word_1_184' title='bbox 971 3842 1094 3902; x_wconf 88' lang='lat' dir='ltr'>autern</span> <span class='ocrx_word' id='word_1_185' title='bbox 1118 3828 1164 3901; x_wconf 90' lang='lat' dir='ltr'>ab</span> <span class='ocrx_word' id='word_1_186' title='bbox 1189 3827 1372 3907; x_wconf 87' lang='lat' dir='ltr'>indecenti</span> 
     </span>
    </p>
   </div>
   <div class='ocr_carea' id='block_1_3' title="bbox 228 3941 1373 4046">
    <p class='ocr_par' dir='ltr' id='par_1_3' title="bbox 228 3941 1373 4046">
     <span class='ocr_line' id='line_1_29' title="bbox 228 3941 1373 4046; baseline 0.008 -30"><span class='ocrx_word' id='word_1_187' title='bbox 228 3973 231 3980; x_wconf 95' lang='lat'>·</span> <span class='ocrx_word' id='word_1_188' title='bbox 252 4019 255 4032; x_wconf 62' lang='grc'><strong>,</strong></span> <span class='ocrx_word' id='word_1_189' title='bbox 344 3946 479 4028; x_wconf 76' lang='lat' dir='ltr'>lal&#39;clvo</span> <span class='ocrx_word' id='word_1_190' title='bbox 496 3947 529 4020; x_wconf 78' lang='lat' dir='ltr'>dr</span> <span class='ocrx_word' id='word_1_191' title='bbox 548 3944 701 4023; x_wconf 87' lang='lat' dir='ltr'>seculari</span> <span class='ocrx_word' id='word_1_192' title='bbox 722 3947 852 4021; x_wconf 87' lang='lat' dir='ltr'>vestitu</span> <span class='ocrx_word' id='word_1_193' title='bbox 877 3967 920 4019; x_wconf 87' lang='lat' dir='ltr'>co</span> <span class='ocrx_word' id='word_1_194' title='bbox 937 3960 1059 4019; x_wconf 89' lang='lat' dir='ltr'>autem</span> <span class='ocrx_word' id='word_1_195' title='bbox 1084 3941 1244 4018; x_wconf 83' lang='lat' dir='ltr'>maxime</span> <span class='ocrx_word' id='word_1_196' title='bbox 1268 3946 1373 4046; x_wconf 83' lang='lat' dir='ltr'>cujus</span> 
     </span>
    </p>
   </div>
   <div class='ocr_carea' id='block_1_4' title="bbox 284 4061 1385 4379">
    <p class='ocr_par' dir='ltr' id='par_1_4' title="bbox 284 4061 1385 4379">
     <span class='ocr_line' id='line_1_30' title="bbox 344 4061 1374 4146; baseline 0.007 -9"><span class='ocrx_word' id='word_1_197' title='bbox 344 4061 415 4144; x_wconf 87' lang='lat' dir='ltr'>hac</span> <span class='ocrx_word' id='word_1_198' title='bbox 432 4071 550 4146; x_wconf 88' lang='lat' dir='ltr'>nollra</span> <span class='ocrx_word' id='word_1_199' title='bbox 567 4086 661 4145; x_wconf 90' lang='lat' dir='ltr'>etate</span> <span class='ocrx_word' id='word_1_200' title='bbox 678 4070 769 4144; x_wconf 91' lang='lat' dir='ltr'>ritus</span> <span class='ocrx_word' id='word_1_201' title='bbox 781 4069 890 4143; x_wconf 87' lang='lat' dir='ltr'>etiarn</span> <span class='ocrx_word' id='word_1_202' title='bbox 911 4067 947 4140; x_wconf 93' lang='lat' dir='ltr'>iu</span> <span class='ocrx_word' id='word_1_203' title='bbox 969 4067 1068 4141; x_wconf 87' lang='lat' dir='ltr'>cleto</span> <span class='ocrx_word' id='word_1_204' title='bbox 1084 4066 1233 4140; x_wconf 88' lang='lat' dir='ltr'>noviter</span> <span class='ocrx_word' id='word_1_205' title='bbox 1248 4066 1301 4141; x_wconf 86' lang='lat' dir='ltr'>est</span> <span class='ocrx_word' id='word_1_206' title='bbox 1317 4068 1374 4145; x_wconf 90' lang='lat' dir='ltr'>in·</span> 
     </span>
     <span class='ocr_line' id='line_1_31' title="bbox 344 4179 1385 4284; baseline 0.006 -28"><span class='ocrx_word' id='word_1_207' title='bbox 344 4186 558 4283; x_wconf 78' lang='lat' dir='ltr'>troduclus,</span> <span class='ocrx_word' id='word_1_208' title='bbox 581 4186 619 4264; x_wconf 92' lang='lat' dir='ltr'>iu</span> <span class='ocrx_word' id='word_1_209' title='bbox 634 4203 706 4284; x_wconf 89' lang='lat' dir='ltr'>quo</span> <span class='ocrx_word' id='word_1_210' title='bbox 720 4182 831 4282; x_wconf 85' lang='lat' dir='ltr'>pallia</span> <span class='ocrx_word' id='word_1_211' title='bbox 848 4182 1065 4284; x_wconf 84' lang='lat' dir='ltr'>quarrdoque</span> <span class='ocrx_word' id='word_1_212' title='bbox 1082 4200 1104 4259; x_wconf 85' lang='lat' dir='ltr'>a</span> <span class='ocrx_word' id='word_1_213' title='bbox 1121 4179 1273 4279; x_wconf 73' lang='lat' dir='ltr'>pedlore</span> <span class='ocrx_word' id='word_1_214' title='bbox 1292 4182 1385 4279; x_wconf 66' lang='lat' dir='ltr'>qui-‚⁸</span> 
     </span>
     <span class='ocr_line' id='line_1_32' title="bbox 284 4297 1326 4379; baseline 0.01 -10"><span class='ocrx_word' id='word_1_215' title='bbox 284 4302 291 4317; x_wconf 89' lang='lat'>&#39;</span> <span class='ocrx_word' id='word_1_216' title='bbox 1233 4297 1326 4379; x_wconf 83' lang='lat' dir='ltr'>dem</span> 
     </span>
    </p>
   </div>
   <div class='ocr_carea' id='block_1_5' title="bbox 0 0 1723 5117">
    <p class='ocr_par' dir='ltr' id='par_1_5' title="bbox 0 0 1723 5117">
     <span class='ocr_line' id='line_1_33' title="bbox 0 0 1723 5117; baseline 0 0"><span class='ocrx_word' id='word_1_217' title='bbox 0 0 1723 5117; x_wconf 95' lang='lat' dir='ltr'> </span> 
     </span>
    </p>
   </div>
  </div>
 </body>
</html>
