3409 5117
372 563 441 654 356
698 555 969 622 m

324 739 451 801 rerum
474 714 512 795 dr
537 711 757 824 fautorum,
774 716 933 794 debitam
960 715 1201 815 quantitatem
1217 719 1349 799 'stami-

326 858 407 915 mus
434 830 581 931 insuper
606 830 644 907 de
671 833 881 911 ordinamus
905 831 971 910 sub
992 832 1094 929 penis
1118 830 1216 912 infra
1240 834 1350 933 scrip·

325 951 372 1027 tis
405 946 495 1027 utfi
534 945 684 1042 aliquod
716 966 918 1049 gravamen
955 945 1138 1025 inferatur
1176 953 1350 1046 predidlis

325 1064 454 1143 uollris
482 1057 637 1158 ecclesiis
664 1062 725 1137 vel
752 1058 913 1158 personis
938 1065 1185 1144 communiter
1207 1072 1271 1146 vel
1299 1071 1348 1147 di·

326 1174 431 1266 visnn
460 1192 549 1252 mox
570 1192 593 1247 a
617 1169 784 1270 quolibet
822 1173 1052 1253 ecclefiaruro
1096 1179 1350 1276 predidiarum

325 1290 488 1388 capitulo
510 1287 573 1365 vel
599 1287 753 1365 meliore
774 1305 840 1364 aut
869 1288 1010 1368 saniore
1033 1311 1138 1389 parte
1158 1296 1272 1394 ipsius
1295 1318 1349 1373 ca·

324 1409 433 1507 pituli
457 1428 530 1486 uua
561 1401 716 1505 persona
735 1424 800 1484 aut
823 1408 895 1485 due
921 1410 969 1486 ad
995 1409 1067 1488 hoc
1095 1414 1212 1515 magis
1239 1434 1348 1512 expe·

326 1524 461 1602 dientes
485 1524 800 1620 deputentur'que
818 1516 974 1618 persone
1000 1523 1057 1600 src'
1078 1527 1254 1623 deputate
1280 1546 1349 1603 uua

325 1665 411 1722 cum
432 1639 608 1740 predidlis
625 1636 792 1717 Dominis
814 1636 1024 1715 Abbatibus
1041 1640 1107 1716 ubi
1129 1642 1180 1717 eis
1201 1645 1347 1737 placue-

325 1760 376 1839 rit
399 1754 619 1832 conveniant
645 1754 814 1828 ordinent
838 1749 1030 1830 discutiant
1049 1754 1083 1830 dr
1102 1756 1348 1833 determinent

326 1873 484 1971 qualiter
507 1867 716 1965 hujusmodi
739 1868 946 1966 gras-aurini
969 1870 1142 1948 obvietur
1162 1884 1280 1967 prout
1297 1868 1346 1946 eis

325 1991 456 2070 melius
487 1983 676 2062 videbitur
709 1987 883 2083 expedire
913 2011 1068 2088 quorum
1107 1985 1347 2085 personarum

297 2196 299 2200 ,
325 2124 390 2184 aut
414 2101 559 2200 maioris
582 2101 696 2196 partis
731 2123 860 2178 earum
884 2103 1108 2182 ordinacioni
1141 2103 1345 2183 discussioni

325 2219 387 2298 seu
425 2214 724 2297 determioaoioni
755 2215 949 2313 parebitur
966 2219 1012 2293 ab
1048 2217 1205 2319 ecclestjs
1230 2220 1266 2297 dr
1290 2244 1345 2299 ca·

324 2336 449 2437 pitulis
481 2331 709 2430 supradidiis.
774 2332 888 2409 Porro
928 2333 1098 2433 quoniam
1135 2334 1344 2425 extrinsecis

279 2469 281 2476 ·
324 2451 451 2529 litibus
483 2447 645 2526 resistere
680 2445 776 2522 bono
810 2448 921 2540 modo
956 2473 1028 2525 nou
1069 2448 1254 2545 polsumus
1282 2450 1363 2532 nin

323 2570 466 2667 plenam
483 2567 580 2639 inter
601 2583 666 2639 nos
693 2562 923 2639 concordiam
946 2562 1159 2661 babeamus,
1186 2566 1349 2644 firmiter

324 2687 512 2766 statuimus
536 2680 570 2757 dc
597 2680 752 2776 provide
775 2681 984 2759 ordinamus
1016 2699 1057 2758 ut
1084 2684 1108 2786 fi
1139 2688 1241 2780 quod
1258 2684 1346 2763 abst

324 2797 421 2881 inter
453 2799 543 2872 duos
576 2793 745 2892 pluresve
777 2793 948 2889 personas
974 2800 1079 2876 unius
1110 2800 1260 2901 collegij
1287 2801 1344 2879 seu

238 2963 245 2979 ·
327 2913 557 3002 diversorum
580 2912 661 2990 risa
696 2912 886 2990 contencio
908 2910 985 2991 slve
1010 2913 1190 2992 discordia
1215 2916 1341 2998 subor-

325 3031 502 3114 tefuerit
536 3024 602 3106 nist
626 3048 694 3122 per
730 3026 889 3122 prelatos
918 3046 1047 3104 eoruru
1074 3028 1122 3102 ad
1142 3052 1250 3129 ·quos
1273 3030 1342 3107 boc

272 3183 287 3222 f
322 3150 484 3255 pertinet
502 3167 576 3242 pax
597 3143 692 3219 inter
715 3161 776 3215 eos
805 3138 1007 3217 reformata
1029 3142 1224 3238 exstiterit,
1250 3145 1337 3223 diffi-

322 3269 459 3346 nitores
485 3256 597 3334 idest
640 3252 795 3351 persone
828 3276 900 3352 que
929 3252 1038 3353 super
1081 3257 1342 3342 observacione

323 3378 548 3483 presencium
574 3372 790 3447 statutorum
817 3364 1007 3467 isrngulls
1044 3368 1200 3470 ecclesiis
1228 3376 1340 3454 electe

320 3494 460 3573 suerint
485 3506 553 3585 per
576 3481 673 3557 viam
696 3478 896 3556 amicabilis
921 3482 1196 3580 composicionis
1221 3491 1341 3569 taliter

321 3622 482 3698 rixantes
504 3596 550 3687 ne
576 3625 710 3684 rancor
735 3602 945 3700 hujusmodi
974 3623 1079 3683 extra
1101 3596 1265 3693 oollram
1289 3613 1341 3693 so-

321 3736 489 3813 cietatem
520 3722 664 3816 evolet,
689 3719 853 3795 studeant
878 3723 1123 3817 complanare.
1175 3728 1343 3812 aretem

320 3850 507 3930 llaruimus
531 3841 567 3941 dr
592 3839 800 3914 ordinamus
818 3850 861 3911 ut
879 3835 964 3926 ¹ssdz
991 3840 1136 3934 quaudo
1159 3842 1198 3919 in
1221 3847 1342 3946 aliqua

319 3967 550 4047 ecclebarum
569 3956 773 4033 nostrarum
794 3969 860 4029 aut
883 3954 1187 4035 monasteriorum
1211 3962 1342 4040 eleccio

320 4080 430 4173 super
454 4064 723 4148 canonicatibus
745 4061 997 4157 personatibus
1018 4066 1260 4168 dignitatibus
1282 4090 1341 4154 aut

322 4175 518 4291 prelaturis
542 4182 604 4259 seu
631 4176 856 4280 quibuslibet
887 4178 1069 4280 beneficiis
1100 4188 1340 4271 ecclesiasticis

1188 4287 1307 4394 fuerit
