<?xml version="1.0" encoding="UTF-8"?>
<!DOCTYPE html PUBLIC "-//W3C//DTD XHTML 1.0 Transitional//EN"
    "http://www.w3.org/TR/xhtml1/DTD/xhtml1-transitional.dtd">
<html xmlns="http://www.w3.org/1999/xhtml" xml:lang="en" lang="en">
 <head>
  <title>
</title>
<meta http-equiv="Content-Type" content="text/html;charset=utf-8" />
  <meta name='ocr-system' content='tesseract 3.04.00' />
  <meta name='ocr-capabilities' content='ocr_page ocr_carea ocr_par ocr_line ocrx_word'/>
</head>
<body>
  <div class='ocr_page' id='page_1' title='image "./subsidiadiploma00wrgoog_0366.png"; bbox 0 0 3409 5117; ppageno 0'>
   <div class='ocr_carea' id='block_1_1' title="bbox 470 342 1483 648">
    <p class='ocr_par' dir='ltr' id='par_1_1' title="bbox 470 342 1483 648">
     <span class='ocr_line' id='line_1_1' title="bbox 470 342 1483 648; baseline 0.005 -4"><span class='ocrx_word' id='word_1_1' title='bbox 470 569 542 648; x_wconf 74' lang='lat'>324</span> <span class='ocrx_word' id='word_1_2' title='bbox 791 550 1060 615; x_wconf 58' lang='lat' dir='ltr'>“W</span> <span class='ocrx_word' id='word_1_3' title='bbox 1476 342 1483 598; x_wconf 49' lang='grc' dir='ltr'>ἱ</span> 
     </span>
    </p>
   </div>
   <div class='ocr_carea' id='block_1_2' title="bbox 419 707 1483 1272">
    <p class='ocr_par' dir='ltr' id='par_1_2' title="bbox 419 707 1483 1272">
     <span class='ocr_line' id='line_1_2' title="bbox 419 707 1483 815; baseline 0 -25"><span class='ocrx_word' id='word_1_4' title='bbox 419 714 591 815; x_wconf 84' lang='lat' dir='ltr'>cogimur</span> <span class='ocrx_word' id='word_1_5' title='bbox 604 730 687 788; x_wconf 90' lang='lat' dir='ltr'>cum</span> <span class='ocrx_word' id='word_1_6' title='bbox 704 712 829 808; x_wconf 87' lang='lat' dir='ltr'>paucis</span> <span class='ocrx_word' id='word_1_7' title='bbox 846 707 1041 814; x_wconf 85' lang='lat' dir='ltr'>perstringi</span> <span class='ocrx_word' id='word_1_8' title='bbox 1059 735 1130 789; x_wconf 89' lang='lat' dir='ltr'>non</span> <span class='ocrx_word' id='word_1_9' title='bbox 1147 708 1322 809; x_wconf 80' lang='lat' dir='ltr'>possunt,</span> <span class='ocrx_word' id='word_1_10' title='bbox 1351 710 1447 812; x_wconf 88' lang='lat' dir='ltr'>prin·</span> <span class='ocrx_word' id='word_1_11' title='bbox 1481 733 1483 740; x_wconf 86' lang='lat'>·</span> 
     </span>
     <span class='ocr_line' id='line_1_3' title="bbox 420 821 1483 919; baseline 0 -21"><span class='ocrx_word' id='word_1_12' title='bbox 420 822 517 919; x_wconf 87' lang='lat' dir='ltr'>cipio</span> <span class='ocrx_word' id='word_1_13' title='bbox 542 821 689 918; x_wconf 86' lang='lat' dir='ltr'>quidem</span> <span class='ocrx_word' id='word_1_14' title='bbox 713 824 906 917; x_wconf 88' lang='lat' dir='ltr'>volumus,</span> <span class='ocrx_word' id='word_1_15' title='bbox 939 828 1037 919; x_wconf 88' lang='lat' dir='ltr'>quod</span> <span class='ocrx_word' id='word_1_16' title='bbox 1056 826 1176 899; x_wconf 88' lang='lat' dir='ltr'>nullus</span> <span class='ocrx_word' id='word_1_17' title='bbox 1203 826 1373 902; x_wconf 85' lang='lat' dir='ltr'>vestrum</span> <span class='ocrx_word' id='word_1_18' title='bbox 1398 825 1449 900; x_wconf 85' lang='lat' dir='ltr'>sti·</span> <span class='ocrx_word' id='word_1_19' title='bbox 1481 823 1483 840; x_wconf 93' lang='lat'>&#39;</span> 
     </span>
     <span class='ocr_line' id='line_1_4' title="bbox 421 935 1483 1040; baseline -0.001 -23"><span class='ocrx_word' id='word_1_20' title='bbox 421 942 597 1040; x_wconf 83' lang='lat' dir='ltr'>pendium</span> <span class='ocrx_word' id='word_1_21' title='bbox 621 942 781 1017; x_wconf 87' lang='lat' dir='ltr'>nondum</span> <span class='ocrx_word' id='word_1_22' title='bbox 806 935 951 1017; x_wconf 69' lang='lat' dir='ltr'>duobis</span> <span class='ocrx_word' id='word_1_23' title='bbox 977 945 1035 1018; x_wconf 85' lang='lat' dir='ltr'>vel</span> <span class='ocrx_word' id='word_1_24' title='bbox 1061 944 1198 1020; x_wconf 87' lang='lat' dir='ltr'>vicario</span> <span class='ocrx_word' id='word_1_25' title='bbox 1216 947 1347 1021; x_wconf 88' lang='lat' dir='ltr'>nolito</span> <span class='ocrx_word' id='word_1_26' title='bbox 1369 966 1450 1023; x_wconf 86' lang='lat' dir='ltr'>coo·</span> <span class='ocrx_word' id='word_1_27' title='bbox 1481 1011 1483 1016; x_wconf 85' lang='lat'><em>.</em></span> 
     </span>
     <span class='ocr_line' id='line_1_5' title="bbox 421 1039 1483 1140; baseline -0.001 -2"><span class='ocrx_word' id='word_1_28' title='bbox 421 1060 608 1137; x_wconf 76' lang='lat' dir='ltr'>lituratum</span> <span class='ocrx_word' id='word_1_29' title='bbox 626 1055 784 1133; x_wconf 89' lang='lat' dir='ltr'>officiare</span> <span class='ocrx_word' id='word_1_30' title='bbox 801 1058 861 1133; x_wconf 90' lang='lat' dir='ltr'>vel</span> <span class='ocrx_word' id='word_1_31' title='bbox 882 1055 1066 1136; x_wconf 86' lang='lat' dir='ltr'>deservire</span> <span class='ocrx_word' id='word_1_32' title='bbox 1094 1062 1154 1135; x_wconf 86' lang='lat' dir='ltr'>vel</span> <span class='ocrx_word' id='word_1_33' title='bbox 1177 1058 1451 1140; x_wconf 80' lang='lat' dir='ltr'>fraternitatem</span> <span class='ocrx_word' id='word_1_34' title='bbox 1480 1039 1483 1124; x_wconf 65' lang='lat' dir='ltr'>l</span> 
     </span>
     <span class='ocr_line' id='line_1_6' title="bbox 422 1174 1450 1272; baseline -0.003 -17"><span class='ocrx_word' id='word_1_35' title='bbox 422 1182 543 1258; x_wconf 87' lang='lat' dir='ltr'>nostra</span> <span class='ocrx_word' id='word_1_36' title='bbox 568 1176 785 1255; x_wconf 72' lang='lat' dir='ltr'>asatorum</span> <span class='ocrx_word' id='word_1_37' title='bbox 820 1196 893 1251; x_wconf 86' lang='lat' dir='ltr'>nou</span> <span class='ocrx_word' id='word_1_38' title='bbox 927 1176 1139 1253; x_wconf 86' lang='lat' dir='ltr'>roboratam</span> <span class='ocrx_word' id='word_1_39' title='bbox 1164 1176 1366 1272; x_wconf 74' lang='lat' dir='ltr'>publicare</span> <span class='ocrx_word' id='word_1_40' title='bbox 1393 1174 1450 1253; x_wconf 84' lang='lat' dir='ltr'>vel</span> 
     </span>
    </p>
   </div>
   <div class='ocr_carea' id='block_1_3' title="bbox 264 1281 1451 1399">
    <p class='ocr_par' dir='ltr' id='par_1_3' title="bbox 264 1281 1451 1399">
     <span class='ocr_line' id='line_1_7' title="bbox 264 1281 1451 1399; baseline -0.005 -24"><span class='ocrx_word' id='word_1_41' title='bbox 264 1345 270 1366; x_wconf 66' lang='lat'>,</span> <span class='ocrx_word' id='word_1_42' title='bbox 313 1281 315 1287; x_wconf 38' lang='lat'><strong>¹</strong></span> <span class='ocrx_word' id='word_1_43' title='bbox 421 1315 601 1399; x_wconf 78' lang='lat' dir='ltr'>peragere</span> <span class='ocrx_word' id='word_1_44' title='bbox 615 1293 799 1391; x_wconf 81' lang='lat' dir='ltr'>presumat</span> <span class='ocrx_word' id='word_1_45' title='bbox 816 1310 880 1371; x_wconf 86' lang='lat' dir='ltr'>aut</span> <span class='ocrx_word' id='word_1_46' title='bbox 891 1295 1063 1383; x_wconf 85' lang='lat' dir='ltr'>clericum</span> <span class='ocrx_word' id='word_1_47' title='bbox 1083 1297 1251 1395; x_wconf 85' lang='lat' dir='ltr'>ignotum</span> <span class='ocrx_word' id='word_1_48' title='bbox 1268 1295 1350 1374; x_wconf 86' lang='lat' dir='ltr'>siue</span> <span class='ocrx_word' id='word_1_49' title='bbox 1365 1295 1451 1372; x_wconf 86' lang='lat' dir='ltr'>alie·</span> 
     </span>
    </p>
   </div>
   <div class='ocr_carea' id='block_1_4' title="bbox 386 1408 1471 1998">
    <p class='ocr_par' dir='ltr' id='par_1_4' title="bbox 386 1408 1471 1998">
     <span class='ocr_line' id='line_1_8' title="bbox 386 1408 1448 1509; baseline -0.005 -16"><span class='ocrx_word' id='word_1_50' title='bbox 386 1437 391 1458; x_wconf 76' lang='lat'><strong><em>¹</em></strong></span> <span class='ocrx_word' id='word_1_51' title='bbox 420 1438 467 1493; x_wconf 90' lang='lat' dir='ltr'>ne</span> <span class='ocrx_word' id='word_1_52' title='bbox 482 1412 626 1490; x_wconf 77' lang='lat' dir='ltr'>diocefis</span> <span class='ocrx_word' id='word_1_53' title='bbox 644 1408 777 1509; x_wconf 88' lang='lat' dir='ltr'>absque</span> <span class='ocrx_word' id='word_1_54' title='bbox 796 1410 917 1487; x_wconf 86' lang='lat' dir='ltr'>nostro</span> <span class='ocrx_word' id='word_1_55' title='bbox 933 1411 1075 1488; x_wconf 88' lang='lat' dir='ltr'>indulto</span> <span class='ocrx_word' id='word_1_56' title='bbox 1092 1412 1315 1489; x_wconf 84' lang='lat' dir='ltr'>litteratorie</span> <span class='ocrx_word' id='word_1_57' title='bbox 1335 1411 1448 1488; x_wconf 86' lang='lat' dir='ltr'>olleo·</span> 
     </span>
     <span class='ocr_line' id='line_1_9' title="bbox 420 1528 1447 1608; baseline 0 -3"><span class='ocrx_word' id='word_1_58' title='bbox 420 1528 503 1607; x_wconf 89' lang='lat' dir='ltr'>soin</span> <span class='ocrx_word' id='word_1_59' title='bbox 522 1529 650 1606; x_wconf 76' lang='lat' dir='ltr'>diocesi</span> <span class='ocrx_word' id='word_1_60' title='bbox 665 1529 784 1605; x_wconf 88' lang='lat' dir='ltr'>nostra</span> <span class='ocrx_word' id='word_1_61' title='bbox 801 1529 846 1603; x_wconf 89' lang='lat' dir='ltr'>ad</span> <span class='ocrx_word' id='word_1_62' title='bbox 857 1530 1114 1606; x_wconf 84' lang='lat' dir='ltr'>celebrandum</span> <span class='ocrx_word' id='word_1_63' title='bbox 1131 1532 1190 1608; x_wconf 89' lang='lat' dir='ltr'>vel</span> <span class='ocrx_word' id='word_1_64' title='bbox 1211 1529 1447 1608; x_wconf 88' lang='lat' dir='ltr'>officiandum</span> 
     </span>
     <span class='ocr_line' id='line_1_10' title="bbox 418 1651 1445 1752; baseline -0.001 -22"><span class='ocrx_word' id='word_1_65' title='bbox 418 1652 572 1730; x_wconf 81' lang='lat' dir='ltr'>assumat</span> <span class='ocrx_word' id='word_1_66' title='bbox 587 1654 646 1728; x_wconf 84' lang='lat' dir='ltr'>vel</span> <span class='ocrx_word' id='word_1_67' title='bbox 663 1651 868 1749; x_wconf 84' lang='lat' dir='ltr'>permittat,</span> <span class='ocrx_word' id='word_1_68' title='bbox 897 1652 1065 1742; x_wconf 80' lang='lat' dir='ltr'>Preteraa</span> <span class='ocrx_word' id='word_1_69' title='bbox 1080 1656 1250 1731; x_wconf 84' lang='lat' dir='ltr'>volumus</span> <span class='ocrx_word' id='word_1_70' title='bbox 1271 1656 1376 1752; x_wconf 87' lang='lat' dir='ltr'>quod</span> <span class='ocrx_word' id='word_1_71' title='bbox 1393 1675 1445 1729; x_wconf 87' lang='lat' dir='ltr'>ec·</span> 
     </span>
     <span class='ocr_line' id='line_1_11' title="bbox 417 1770 1446 1873; baseline -0.001 -23"><span class='ocrx_word' id='word_1_72' title='bbox 417 1774 606 1857; x_wconf 80' lang='lat' dir='ltr'>elefiarum</span> <span class='ocrx_word' id='word_1_73' title='bbox 619 1770 794 1849; x_wconf 69' lang='lat' dir='ltr'>Redimus</span> <span class='ocrx_word' id='word_1_74' title='bbox 811 1772 956 1869; x_wconf 81' lang='lat' dir='ltr'>plebani</span> <span class='ocrx_word' id='word_1_75' title='bbox 974 1772 1008 1848; x_wconf 75' lang='lat' dir='ltr'>d</span> <span class='ocrx_word' id='word_1_76' title='bbox 1023 1778 1190 1872; x_wconf 87' lang='lat' dir='ltr'>perpetui</span> <span class='ocrx_word' id='word_1_77' title='bbox 1207 1771 1446 1873; x_wconf 83' lang='lat' dir='ltr'>vicarijapud</span> 
     </span>
     <span class='ocr_line' id='line_1_12' title="bbox 417 1887 1471 1998; baseline -0.001 -30"><span class='ocrx_word' id='word_1_78' title='bbox 417 1889 587 1991; x_wconf 83' lang='lat' dir='ltr'>proprias</span> <span class='ocrx_word' id='word_1_79' title='bbox 617 1888 781 1967; x_wconf 83' lang='lat' dir='ltr'>ecclcflas</span> <span class='ocrx_word' id='word_1_80' title='bbox 810 1891 989 1968; x_wconf 79' lang='lat' dir='ltr'>refideant</span> <span class='ocrx_word' id='word_1_81' title='bbox 1015 1890 1049 1967; x_wconf 75' lang='lat' dir='ltr'>tt</span> <span class='ocrx_word' id='word_1_82' title='bbox 1078 1893 1124 1966; x_wconf 88' lang='lat' dir='ltr'>ad</span> <span class='ocrx_word' id='word_1_83' title='bbox 1153 1887 1299 1998; x_wconf 81' lang='lat' dir='ltr'>ordines</span> <span class='ocrx_word' id='word_1_84' title='bbox 1329 1891 1471 1977; x_wconf 77' lang='lat' dir='ltr'>sacttos¹</span> 
     </span>
    </p>
   </div>
   <div class='ocr_carea' id='block_1_5' title="bbox 416 2013 1443 2119">
    <p class='ocr_par' dir='ltr' id='par_1_5' title="bbox 416 2013 1443 2119">
     <span class='ocr_line' id='line_1_13' title="bbox 416 2013 1443 2119; baseline -0.001 -26"><span class='ocrx_word' id='word_1_85' title='bbox 416 2024 517 2119; x_wconf 81' lang='lat' dir='ltr'>juxta</span> <span class='ocrx_word' id='word_1_86' title='bbox 534 2013 717 2094; x_wconf 86' lang='lat' dir='ltr'>sacrorum</span> <span class='ocrx_word' id='word_1_87' title='bbox 738 2016 927 2093; x_wconf 83' lang='lat' dir='ltr'>Canonum</span> <span class='ocrx_word' id='word_1_88' title='bbox 958 2016 1087 2093; x_wconf 79' lang='lat' dir='ltr'>llatuta</span> <span class='ocrx_word' id='word_1_89' title='bbox 1109 2014 1180 2091; x_wconf 84' lang='lat' dir='ltr'>sese</span> <span class='ocrx_word' id='word_1_90' title='bbox 1206 2016 1347 2093; x_wconf 86' lang='lat' dir='ltr'>saciant</span> <span class='ocrx_word' id='word_1_91' title='bbox 1363 2040 1443 2115; x_wconf 82' lang='lat' dir='ltr'>pro-</span> 
     </span>
    </p>
   </div>
   <div class='ocr_carea' id='block_1_6' title="bbox 413 2248 1442 2698">
    <p class='ocr_par' dir='ltr' id='par_1_6' title="bbox 413 2248 1442 2698">
     <span class='ocr_line' id='line_1_14' title="bbox 417 2248 1441 2353; baseline 0.001 -22"><span class='ocrx_word' id='word_1_92' title='bbox 417 2250 523 2333; x_wconf 86' lang='lat' dir='ltr'>causa</span> <span class='ocrx_word' id='word_1_93' title='bbox 544 2248 649 2350; x_wconf 85' lang='lat' dir='ltr'>iludij</span> <span class='ocrx_word' id='word_1_94' title='bbox 666 2253 723 2327; x_wconf 88' lang='lat' dir='ltr'>vel</span> <span class='ocrx_word' id='word_1_95' title='bbox 744 2252 831 2327; x_wconf 85' lang='lat' dir='ltr'>alias</span> <span class='ocrx_word' id='word_1_96' title='bbox 856 2254 901 2328; x_wconf 89' lang='lat' dir='ltr'>de</span> <span class='ocrx_word' id='word_1_97' title='bbox 924 2249 1066 2326; x_wconf 86' lang='lat' dir='ltr'>indulto</span> <span class='ocrx_word' id='word_1_98' title='bbox 1088 2252 1208 2327; x_wconf 83' lang='lat' dir='ltr'>nostro</span> <span class='ocrx_word' id='word_1_99' title='bbox 1230 2252 1267 2327; x_wconf 81' lang='lat' dir='ltr'>tit</span> <span class='ocrx_word' id='word_1_100' title='bbox 1289 2250 1441 2353; x_wconf 82' lang='lat' dir='ltr'>permis·</span> 
     </span>
     <span class='ocr_line' id='line_1_15' title="bbox 413 2361 1442 2467; baseline 0.003 -18"><span class='ocrx_word' id='word_1_101' title='bbox 413 2372 512 2449; x_wconf 86' lang='lat' dir='ltr'>stone</span> <span class='ocrx_word' id='word_1_102' title='bbox 525 2368 668 2465; x_wconf 87' lang='lat' dir='ltr'>speciali</span> <span class='ocrx_word' id='word_1_103' title='bbox 684 2371 730 2446; x_wconf 89' lang='lat' dir='ltr'>ad</span> <span class='ocrx_word' id='word_1_104' title='bbox 745 2386 888 2467; x_wconf 90' lang='lat' dir='ltr'>tempus</span> <span class='ocrx_word' id='word_1_105' title='bbox 906 2361 1087 2445; x_wconf 85' lang='lat' dir='ltr'>abelseodi</span> <span class='ocrx_word' id='word_1_106' title='bbox 1104 2369 1289 2447; x_wconf 84' lang='lat' dir='ltr'>licentiam</span> <span class='ocrx_word' id='word_1_107' title='bbox 1307 2379 1366 2451; x_wconf 83' lang='lat' dir='ltr'>vel</span> <span class='ocrx_word' id='word_1_108' title='bbox 1383 2399 1442 2452; x_wconf 85' lang='lat' dir='ltr'>ve·</span> 
     </span>
     <span class='ocr_line' id='line_1_16' title="bbox 413 2473 1441 2587; baseline 0.003 -26"><span class='ocrx_word' id='word_1_109' title='bbox 413 2486 512 2563; x_wconf 85' lang='lat' dir='ltr'>niam</span> <span class='ocrx_word' id='word_1_110' title='bbox 532 2480 755 2558; x_wconf 81' lang='lat' dir='ltr'>obtinuerint</span> <span class='ocrx_word' id='word_1_111' title='bbox 773 2473 1005 2577; x_wconf 77' lang='lat' dir='ltr'>litteratorie,</span> <span class='ocrx_word' id='word_1_112' title='bbox 1032 2483 1200 2559; x_wconf 90' lang='lat' dir='ltr'>volumus</span> <span class='ocrx_word' id='word_1_113' title='bbox 1217 2487 1331 2563; x_wconf 87' lang='lat' dir='ltr'>ctiam</span> <span class='ocrx_word' id='word_1_114' title='bbox 1346 2488 1441 2587; x_wconf 86' lang='lat' dir='ltr'>quod</span> 
     </span>
     <span class='ocr_line' id='line_1_17' title="bbox 413 2592 1439 2698; baseline 0.006 -20"><span class='ocrx_word' id='word_1_115' title='bbox 413 2597 645 2698; x_wconf 72' lang='lat' dir='ltr'>capellani&amp;</span> <span class='ocrx_word' id='word_1_116' title='bbox 669 2592 876 2695; x_wconf 79' lang='lat' dir='ltr'>Primilsarij</span> <span class='ocrx_word' id='word_1_117' title='bbox 894 2596 997 2695; x_wconf 77' lang='lat' dir='ltr'>juxta</span> <span class='ocrx_word' id='word_1_118' title='bbox 1018 2596 1092 2676; x_wconf 87' lang='lat' dir='ltr'>vim</span> <span class='ocrx_word' id='word_1_119' title='bbox 1110 2598 1151 2674; x_wconf 78' lang='lat' dir='ltr'>&#39;tic</span> <span class='ocrx_word' id='word_1_120' title='bbox 1175 2616 1344 2681; x_wconf 82' lang='lat' dir='ltr'>tenorem</span> <span class='ocrx_word' id='word_1_121' title='bbox 1366 2602 1439 2685; x_wconf 87' lang='lat' dir='ltr'>sua·</span> 
     </span>
    </p>
   </div>
   <div class='ocr_carea' id='block_1_7' title="bbox 277 2709 1439 2811">
    <p class='ocr_par' dir='ltr' id='par_1_7' title="bbox 277 2709 1439 2811">
     <span class='ocr_line' id='line_1_18' title="bbox 277 2709 1439 2811; baseline 0.005 -21"><span class='ocrx_word' id='word_1_122' title='bbox 277 2709 288 2732; x_wconf 73' lang='lat'>²</span> <span class='ocrx_word' id='word_1_123' title='bbox 412 2712 1439 2811; x_wconf 69' lang='lat' dir='ltr'>suminllitutionumpersonalentsacioutresidentiam&amp;</span> 
     </span>
    </p>
   </div>
   <div class='ocr_carea' id='block_1_8' title="bbox 410 2829 1439 3279">
    <p class='ocr_par' dir='ltr' id='par_1_8' title="bbox 410 2829 1439 3279">
     <span class='ocr_line' id='line_1_19' title="bbox 413 2829 1439 2939; baseline 0.009 -31"><span class='ocrx_word' id='word_1_124' title='bbox 413 2830 636 2908; x_wconf 81' lang='lat' dir='ltr'>assistentiam</span> <span class='ocrx_word' id='word_1_125' title='bbox 654 2829 691 2906; x_wconf 95' lang='lat' dir='ltr'>in</span> <span class='ocrx_word' id='word_1_126' title='bbox 704 2830 849 2908; x_wconf 82' lang='lat' dir='ltr'>Divinis</span> <span class='ocrx_word' id='word_1_127' title='bbox 865 2831 1028 2930; x_wconf 83' lang='lat' dir='ltr'>plebanis</span> <span class='ocrx_word' id='word_1_128' title='bbox 1046 2854 1174 2912; x_wconf 86' lang='lat' dir='ltr'>eorum</span> <span class='ocrx_word' id='word_1_129' title='bbox 1193 2858 1277 2913; x_wconf 91' lang='lat' dir='ltr'>cum</span> <span class='ocrx_word' id='word_1_130' title='bbox 1289 2838 1439 2939; x_wconf 75' lang='lat' dir='ltr'>diligen·</span> 
     </span>
     <span class='ocr_line' id='line_1_20' title="bbox 412 2941 1439 3042; baseline 0.009 -24"><span class='ocrx_word' id='word_1_131' title='bbox 412 2941 536 3019; x_wconf 90' lang='lat' dir='ltr'>tiasub</span> <span class='ocrx_word' id='word_1_132' title='bbox 550 2944 651 3038; x_wconf 86' lang='lat' dir='ltr'>penis</span> <span class='ocrx_word' id='word_1_133' title='bbox 665 2944 842 3021; x_wconf 86' lang='lat' dir='ltr'>contentis</span> <span class='ocrx_word' id='word_1_134' title='bbox 859 2947 894 3020; x_wconf 91' lang='lat' dir='ltr'>io</span> <span class='ocrx_word' id='word_1_135' title='bbox 911 2945 1049 3021; x_wconf 83' lang='lat' dir='ltr'>statutis</span> <span class='ocrx_word' id='word_1_136' title='bbox 1065 2947 1194 3026; x_wconf 87' lang='lat' dir='ltr'>uostris</span> <span class='ocrx_word' id='word_1_137' title='bbox 1205 2949 1439 3042; x_wconf 78' lang='lat' dir='ltr'>sinodalibus,</span> 
     </span>
     <span class='ocr_line' id='line_1_21' title="bbox 411 3055 1438 3155; baseline 0.009 -20"><span class='ocrx_word' id='word_1_138' title='bbox 411 3058 631 3153; x_wconf 83' lang='lat' dir='ltr'>Recepimus</span> <span class='ocrx_word' id='word_1_139' title='bbox 665 3055 812 3155; x_wconf 85' lang='lat' dir='ltr'>insuper</span> <span class='ocrx_word' id='word_1_140' title='bbox 839 3061 937 3153; x_wconf 86' lang='lat' dir='ltr'>quod</span> <span class='ocrx_word' id='word_1_141' title='bbox 963 3059 1176 3139; x_wconf 86' lang='lat' dir='ltr'>ultimarum</span> <span class='ocrx_word' id='word_1_142' title='bbox 1205 3068 1438 3146; x_wconf 85' lang='lat' dir='ltr'>voluntatum</span> 
     </span>
     <span class='ocr_line' id='line_1_22' title="bbox 410 3168 1438 3279; baseline 0.01 -34"><span class='ocrx_word' id='word_1_143' title='bbox 410 3187 625 3246; x_wconf 81' lang='lat' dir='ltr'>executores</span> <span class='ocrx_word' id='word_1_144' title='bbox 655 3168 731 3245; x_wconf 86' lang='lat' dir='ltr'>stvc</span> <span class='ocrx_word' id='word_1_145' title='bbox 756 3169 996 3245; x_wconf 85' lang='lat' dir='ltr'>manulideles</span> <span class='ocrx_word' id='word_1_146' title='bbox 1023 3174 1250 3272; x_wconf 81' lang='lat' dir='ltr'>gravissimos</span> <span class='ocrx_word' id='word_1_147' title='bbox 1278 3176 1438 3279; x_wconf 89' lang='lat' dir='ltr'>sumptos</span> 
     </span>
    </p>
   </div>
   <div class='ocr_carea' id='block_1_9' title="bbox 291 3283 1435 3387">
    <p class='ocr_par' dir='ltr' id='par_1_9' title="bbox 291 3283 1435 3387">
     <span class='ocr_line' id='line_1_23' title="bbox 291 3283 1435 3387; baseline 0.002 -24"><span class='ocrx_word' id='word_1_148' title='bbox 291 3327 295 3333; x_wconf 93' lang='lat'>·</span> <span class='ocrx_word' id='word_1_149' title='bbox 408 3288 444 3361; x_wconf 77' lang='lat' dir='ltr'>u</span> <span class='ocrx_word' id='word_1_150' title='bbox 464 3284 635 3381; x_wconf 85' lang='lat' dir='ltr'>expensas</span> <span class='ocrx_word' id='word_1_151' title='bbox 648 3284 783 3376; x_wconf 85' lang='lat' dir='ltr'>faciant</span> <span class='ocrx_word' id='word_1_152' title='bbox 798 3283 1089 3381; x_wconf 87' lang='lat' dir='ltr'>presbiterorum</span> <span class='ocrx_word' id='word_1_153' title='bbox 1109 3302 1297 3363; x_wconf 87' lang='lat' dir='ltr'>catervam</span> <span class='ocrx_word' id='word_1_154' title='bbox 1305 3292 1354 3364; x_wconf 84' lang='lat' dir='ltr'>acl</span> <span class='ocrx_word' id='word_1_155' title='bbox 1363 3292 1435 3387; x_wconf 90' lang='lat' dir='ltr'>pri·</span> 
     </span>
    </p>
   </div>
   <div class='ocr_carea' id='block_1_10' title="bbox 408 3391 1438 3742">
    <p class='ocr_par' dir='ltr' id='par_1_10' title="bbox 408 3391 1438 3742">
     <span class='ocr_line' id='line_1_24' title="bbox 408 3391 1437 3494; baseline -0.001 -15"><span class='ocrx_word' id='word_1_156' title='bbox 408 3425 510 3479; x_wconf 85' lang='lat' dir='ltr'>mum</span> <span class='ocrx_word' id='word_1_157' title='bbox 526 3399 718 3494; x_wconf 88' lang='lat' dir='ltr'>septimum</span> <span class='ocrx_word' id='word_1_158' title='bbox 735 3391 1003 3477; x_wconf 74' lang='lat' dir='ltr'>&amp;tricesimum</span> <span class='ocrx_word' id='word_1_159' title='bbox 1021 3399 1141 3475; x_wconf 91' lang='lat' dir='ltr'>obitus</span> <span class='ocrx_word' id='word_1_160' title='bbox 1164 3398 1330 3476; x_wconf 68' lang='lat' dir='ltr'>defundi</span> <span class='ocrx_word' id='word_1_161' title='bbox 1357 3425 1437 3478; x_wconf 89' lang='lat' dir='ltr'>con·</span> 
     </span>
     <span class='ocr_line' id='line_1_25' title="bbox 408 3514 1438 3610; baseline 0.003 -16"><span class='ocrx_word' id='word_1_162' title='bbox 408 3520 590 3610; x_wconf 86' lang='lat' dir='ltr'>vocando,</span> <span class='ocrx_word' id='word_1_163' title='bbox 618 3518 703 3593; x_wconf 91' lang='lat' dir='ltr'>licet</span> <span class='ocrx_word' id='word_1_164' title='bbox 724 3518 819 3596; x_wconf 87' lang='lat' dir='ltr'>bona</span> <span class='ocrx_word' id='word_1_165' title='bbox 838 3517 1001 3595; x_wconf 71' lang='lat' dir='ltr'>defunbli</span> <span class='ocrx_word' id='word_1_166' title='bbox 1027 3519 1092 3595; x_wconf 74' lang='lat' dir='ltr'>virt</span> <span class='ocrx_word' id='word_1_167' title='bbox 1119 3514 1153 3593; x_wconf 91' lang='lat' dir='ltr'>se</span> <span class='ocrx_word' id='word_1_168' title='bbox 1175 3518 1221 3592; x_wconf 83' lang='lat' dir='ltr'>ad</span> <span class='ocrx_word' id='word_1_169' title='bbox 1242 3516 1315 3594; x_wconf 88' lang='lat' dir='ltr'>etis</span> <span class='ocrx_word' id='word_1_170' title='bbox 1334 3519 1438 3599; x_wconf 88' lang='lat' dir='ltr'>alieni</span> 
     </span>
     <span class='ocr_line' id='line_1_26' title="bbox 408 3633 1437 3742; baseline 0.003 -32"><span class='ocrx_word' id='word_1_171' title='bbox 408 3633 654 3710; x_wconf 84' lang='lat' dir='ltr'>exolutionem</span> <span class='ocrx_word' id='word_1_172' title='bbox 671 3637 883 3728; x_wconf 74' lang='lat' dir='ltr'>extendant,</span> <span class='ocrx_word' id='word_1_173' title='bbox 902 3636 983 3713; x_wconf 84' lang='lat' dir='ltr'>uts</span> <span class='ocrx_word' id='word_1_174' title='bbox 1003 3638 1147 3735; x_wconf 85' lang='lat' dir='ltr'>quando</span> <span class='ocrx_word' id='word_1_175' title='bbox 1161 3659 1222 3714; x_wconf 88' lang='lat' dir='ltr'>eos</span> <span class='ocrx_word' id='word_1_176' title='bbox 1240 3657 1313 3735; x_wconf 86' lang='lat' dir='ltr'>pro</span> <span class='ocrx_word' id='word_1_177' title='bbox 1328 3645 1437 3742; x_wconf 84' lang='lat' dir='ltr'>nego·</span> 
     </span>
    </p>
   </div>
   <div class='ocr_carea' id='block_1_11' title="bbox 396 3745 1437 3853">
    <p class='ocr_par' dir='ltr' id='par_1_11' title="bbox 396 3745 1437 3853">
     <span class='ocr_line' id='line_1_27' title="bbox 396 3745 1437 3853; baseline 0.007 -26"><span class='ocrx_word' id='word_1_178' title='bbox 396 3745 545 3827; x_wconf 74' lang='lat' dir='ltr'>¹tiorum</span> <span class='ocrx_word' id='word_1_179' title='bbox 564 3750 726 3828; x_wconf 75' lang='lat' dir='ltr'>deiundli</span> <span class='ocrx_word' id='word_1_180' title='bbox 746 3750 807 3828; x_wconf 87' lang='lat' dir='ltr'>seu</span> <span class='ocrx_word' id='word_1_181' title='bbox 831 3754 956 3831; x_wconf 87' lang='lat' dir='ltr'>verius</span> <span class='ocrx_word' id='word_1_182' title='bbox 983 3753 1186 3833; x_wconf 83' lang='lat' dir='ltr'>testamenti</span> <span class='ocrx_word' id='word_1_183' title='bbox 1206 3756 1437 3853; x_wconf 82' lang='lat' dir='ltr'>expeditione</span> 
     </span>
    </p>
   </div>
   <div class='ocr_carea' id='block_1_12' title="bbox 408 2123 1445 3968">
    <p class='ocr_par' dir='ltr' id='par_1_12' title="bbox 408 2123 1483 3968">
     <span class='ocr_line' id='line_1_28' title="bbox 414 2123 1445 2234; baseline -0.011 -15"><span class='ocrx_word' id='word_1_184' title='bbox 414 2123 576 2227; x_wconf 79' lang='lat' dir='ltr'>moveri,</span> <span class='ocrx_word' id='word_1_185' title='bbox 601 2129 664 2207; x_wconf 89' lang='lat' dir='ltr'>nist</span> <span class='ocrx_word' id='word_1_186' title='bbox 680 2128 789 2227; x_wconf 88' lang='lat' dir='ltr'>super</span> <span class='ocrx_word' id='word_1_187' title='bbox 808 2126 879 2206; x_wconf 85' lang='lat' dir='ltr'>hoc</span> <span class='ocrx_word' id='word_1_188' title='bbox 902 2153 924 2206; x_wconf 81' lang='lat' dir='ltr'>a</span> <span class='ocrx_word' id='word_1_189' title='bbox 949 2130 1051 2207; x_wconf 86' lang='lat' dir='ltr'>nobis</span> <span class='ocrx_word' id='word_1_190' title='bbox 1074 2129 1381 2227; x_wconf 87' lang='lat' dir='ltr'>dispensationem</span> <span class='ocrx_word' id='word_1_191' title='bbox 1401 2155 1445 2234; x_wconf 31' lang='lat' dir='ltr'>ex·</span> 
     </span>
     <span class='ocr_line' id='line_1_29' title="bbox 408 3858 1436 3968; baseline 0.001 -28"><span class='ocrx_word' id='word_1_192' title='bbox 408 3865 565 3939; x_wconf 87' lang='lat' dir='ltr'>ediculas</span> <span class='ocrx_word' id='word_1_193' title='bbox 583 3858 661 3937; x_wconf 87' lang='lat' dir='ltr'>suas</span> <span class='ocrx_word' id='word_1_194' title='bbox 676 3864 776 3939; x_wconf 77' lang='lat' dir='ltr'>exire</span> <span class='ocrx_word' id='word_1_195' title='bbox 794 3868 991 3967; x_wconf 82' lang='lat' dir='ltr'>contigerit</span> <span class='ocrx_word' id='word_1_196' title='bbox 1008 3918 1022 3960; x_wconf 93' lang='lat'>,</span> <span class='ocrx_word' id='word_1_197' title='bbox 1047 3867 1204 3943; x_wconf 73' lang='lat' dir='ltr'>vciiura</span> <span class='ocrx_word' id='word_1_198' title='bbox 1219 3871 1281 3944; x_wconf 81' lang='lat' dir='ltr'>vel</span> <span class='ocrx_word' id='word_1_199' title='bbox 1300 3868 1436 3968; x_wconf 84' lang='lat' dir='ltr'>equita·</span> 
     </span>
    </p>
   </div>
   <div class='ocr_carea' id='block_1_13' title="bbox 376 3972 1483 4720">
    <p class='ocr_par' dir='ltr' id='par_1_13' title="bbox 376 2899 1483 4076">
     <span class='ocr_line' id='line_1_30' title="bbox 376 3972 1434 4076; baseline 0.001 -26"><span class='ocrx_word' id='word_1_200' title='bbox 376 3993 383 4001; x_wconf 82' lang='lat'><em>·</em></span> <span class='ocrx_word' id='word_1_201' title='bbox 407 3978 660 4051; x_wconf 78' lang='lat' dir='ltr'>tura‘utuutut</span> <span class='ocrx_word' id='word_1_202' title='bbox 679 3972 837 4071; x_wconf 89' lang='lat' dir='ltr'>pretiosa</span> <span class='ocrx_word' id='word_1_203' title='bbox 851 3976 1041 4075; x_wconf 89' lang='lat' dir='ltr'>tantosque</span> <span class='ocrx_word' id='word_1_204' title='bbox 1058 3973 1222 4076; x_wconf 89' lang='lat' dir='ltr'>sumptus</span> <span class='ocrx_word' id='word_1_205' title='bbox 1245 4000 1318 4075; x_wconf 91' lang='lat' dir='ltr'>pro</span> <span class='ocrx_word' id='word_1_206' title='bbox 1333 3979 1434 4056; x_wconf 87' lang='lat' dir='ltr'>itine-</span> 
     </span>
    </p>

    <p class='ocr_par' dir='ltr' id='par_1_14' title="bbox 404 4086 1470 4182">
     <span class='ocr_line' id='line_1_31' title="bbox 404 4086 1470 4182; baseline 0.007 -18"><span class='ocrx_word' id='word_1_207' title='bbox 404 4089 494 4169; x_wconf 78' lang='lat' dir='ltr'>rest</span> <span class='ocrx_word' id='word_1_208' title='bbox 513 4086 644 4161; x_wconf 83' lang='lat' dir='ltr'>uiatico</span> <span class='ocrx_word' id='word_1_209' title='bbox 662 4105 876 4182; x_wconf 88' lang='lat' dir='ltr'>computant</span> <span class='ocrx_word' id='word_1_210' title='bbox 896 4104 938 4164; x_wconf 94' lang='lat' dir='ltr'>ut</span> <span class='ocrx_word' id='word_1_211' title='bbox 960 4090 1014 4166; x_wconf 88' lang='lat' dir='ltr'>his</span> <span class='ocrx_word' id='word_1_212' title='bbox 1042 4092 1207 4169; x_wconf 81' lang='lat' dir='ltr'>moribus</span> <span class='ocrx_word' id='word_1_213' title='bbox 1234 4090 1357 4170; x_wconf 88' lang='lat' dir='ltr'>ferme</span> <span class='ocrx_word' id='word_1_214' title='bbox 1383 4107 1433 4169; x_wconf 91' lang='lat' dir='ltr'>to·</span> <span class='ocrx_word' id='word_1_215' title='bbox 1465 4162 1470 4173; x_wconf 86' lang='lat'><strong>.</strong></span> 
     </span>
    </p>

    <p class='ocr_par' dir='ltr' id='par_1_15' title="bbox 403 4119 1483 4720">
     <span class='ocr_line' id='line_1_32' title="bbox 403 4119 1483 4720; baseline 0.001 -429"><span class='ocrx_word' id='word_1_216' title='bbox 403 4231 480 4291; x_wconf 88' lang='lat' dir='ltr'>tam</span> <span class='ocrx_word' id='word_1_217' title='bbox 500 4206 668 4286; x_wconf 73' lang='lat' dir='ltr'>reliilam</span> <span class='ocrx_word' id='word_1_218' title='bbox 690 4207 854 4290; x_wconf 71' lang='lat' dir='ltr'>desuusli</span> <span class='ocrx_word' id='word_1_219' title='bbox 879 4208 1113 4299; x_wconf 79' lang='lat' dir='ltr'>substantiam</span> <span class='ocrx_word' id='word_1_220' title='bbox 1133 4216 1350 4307; x_wconf 80' lang='lat' dir='ltr'>exhauriat,</span> <span class='ocrx_word' id='word_1_221' title='bbox 1374 4234 1434 4292; x_wconf 85' lang='lat' dir='ltr'>net</span> <span class='ocrx_word' id='word_1_222' title='bbox 1459 4119 1483 4720; x_wconf 55' lang='lat' dir='ltr'>l</span> 
     </span>
     <span class='ocr_line' id='line_1_33' title="bbox 664 4343 1399 4413; baseline 0.005 -4"><span class='ocrx_word' id='word_1_223' title='bbox 664 4343 672 4352; x_wconf 80' lang='grc'><strong><em>’</em></strong></span> <span class='ocrx_word' id='word_1_224' title='bbox 1310 4352 1399 4413; x_wconf 67' lang='lat' dir='ltr'><strong>cre·-</strong></span> 
     </span>
    </p>
   </div>
   <div class='ocr_carea' id='block_1_14' title="bbox 0 0 1710 5117">
    <p class='ocr_par' dir='ltr' id='par_1_16' title="bbox 0 0 1710 5117">
     <span class='ocr_line' id='line_1_34' title="bbox 0 0 1710 5117; baseline 0 6"><span class='ocrx_word' id='word_1_225' title='bbox 0 0 1710 5117; x_wconf 95' lang='lat' dir='ltr'> </span> 
     </span>
    </p>
   </div>
  </div>
 </body>
</html>
