3409 5117
672 549 944 624 ww
1141 569 1268 655 aaz

283 730 375 789 num
391 706 584 807 nonsunt,
607 726 768 791 attamen
793 716 839 791 de
861 714 992 794 laboro
1010 717 1203 800 hominum
1226 725 1321 806 dcli.-

281 837 367 892 cate
380 819 513 895 vivunt
528 825 728 912 mature&
746 831 915 924 graviter
928 829 1088 906 modeste
1115 831 1150 908 dr
1168 834 1318 914 humili·

281 950 356 1026 ter,
379 935 453 1012 fine
468 959 659 1014 murmure
673 936 745 1016 fine
760 942 947 1040 colloquio
963 941 1036 1021 sme
1059 944 1320 1034 discursatione.

281 1046 321 1124 in
339 1050 468 1124 ordine
483 1050 743 1145 perambulatis
761 1056 883 1134 Deum
898 1058 1103 1154 laudantes,
1123 1062 1206 1138 Deo
1222 1063 1322 1163 psal

283 1164 400 1242 lentes
433 1168 613 1263 populum
650 1167 696 1240 ad
722 1169 963 1248 donacionem
990 1176 1190 1260 excitantes
1215 1177 1318 1257 omni

281 1278 435 1377 prorsus
450 1279 616 1358 seandalo
631 1279 890 1382 contemptu&
905 1287 1127 1365 detrimento
1141 1290 1255 1389 ilaus
1259 1316 1319 1372 ec

283 1396 467 1475 clesrastrcr
481 1394 635 1474 sublato
693 1400 867 1476 Alteram
883 1400 1014 1476 demde
1028 1402 1217 1488 levitatem
1235 1429 1322 1508 era.
1372 1496 1376 1506 ,

283 1519 409 1596 dicare
427 1513 617 1609 ¹cupientes
645 1514 887 1614 prohibemus
910 1538 957 1594 ne
981 1517 1110 1596 Clerus
1135 1503 1289 1602 noster·
1277 1551 1318 1605 m

283 1632 447 1710 tabernis
464 1644 528 1704 aut
543 1627 817 1727 quibuscunque
838 1630 1105 1712 conventiculis
1133 1635 1243 1715 laicis
1260 1639 1317 1717 bi·

280 1739 681 1828 bendocommessandu
697 1735 856 1821 ludendo
878 1741 915 1822 se
930 1727 1191 1881 commisceat,
1224 1771 1321 1850 quo-

280 1868 382 1946 niam
401 1883 448 1940 ιιι
465 1863 536 1938 hoc
556 1859 781 1957 inequalium
800 1858 979 1940 virorum
1004 1839 1219 1939 consortio
1207 1889 1319 1966 mnus.

280 2005 388 2064 mera
403 1978 570 2078 pericula
583 1973 753 2077 surgunt,
779 1974 908 2052 vident
920 1978 1018 2054 enlm
1033 1978 1068 2052 dr
1081 1980 1236 2062 audiunt
1247 1959 1317 2060 lai,

280 2100 493 2197 cialioquin
516 2094 658 2173 clericis
681 2096 794 2191 opido
811 2094 930 2173 infesti
955 2098 1126 2174 levitates
1148 2095 1316 2190 sacerdos.

279 2221 396 2311 tales,
417 2210 593 2290 absurdos
618 2233 748 2287 eorum
764 2233 909 2307 mores,
933 2215 1122 2307 crapulam
1142 2213 1316 2312 cabrias

280 2350 395 2411 tatem
417 2326 611 2407 lubrioadr
635 2326 788 2406 obscena
817 2327 959 2421 verba,
985 2326 1227 2458 blasphemias
1249 2357 1318 2414 nu

278 2470 349 2552 gas
367 2444 532 2543 perjurio
543 2441 781 2544 cupiditatem
799 2438 978 2518 fraudes
966 2441 1090 2541 purgia
1111 2421 1316 2540 contentia,

279 2573 347 2646 nes
365 2564 399 2638 dr
414 2571 537 2639 cetera
557 2559 647 2636 vitia
668 2582 740 2657 qne
757 2580 804 2635 ex
824 2557 912 2634 ludo
941 2556 1223 2654 proficiscuntur
1243 2527 1318 2641 hoc
1395 2631 1400 2643 .

279 2699 430 2784 quoque
445 2675 553 2771 nobrs
566 2675 757 2750 molestum
775 2671 826 2750 est
841 2693 962 2771 neque
979 2673 1120 2752 diucius
1143 2670 1318 2764 sustinere

277 2790 490 2899 pollpmuq
514 2789 613 2888 q'uod
628 2787 774 2886 polltot
785 2790 958 2870 mandata
975 2802 1031 2864 tot
1043 2789 1317 2896 prohibitiones

280 2909 520 2990 totmultum
541 2900 771 2980 sacerdotum
792 2899 999 2990 manifestas
1025 2901 1233 2997 punitiones
1244 2902 1316 2998 ‚ad7

280 3028 357 3105 huc
373 3022 480 3123 uiget
489 3017 526 3095 in
539 3016 663 3094 nostro
678 3015 780 3092 clero
798 3012 1037 3092 maledidlum
1066 3014 1316 3098 viciumborz

278 3136 387 3234 rendi
401 3130 680 3225 concubinatus,
694 3129 867 3206 volumus
883 3127 919 3207 ιι
919 3129 1203 3230 precipimus
1178 3146 1220 3205 ut
1234 3131 1316 3228 qui·

278 3254 375 3334 libet
391 3248 491 3324 suam
511 3267 595 3324 cum
614 3265 688 3348 qua
708 3238 895 3342 suspectus
921 3245 1000 3342 est,
1039 3223 1316 3330 meretriculam

279 3366 351 3448 sub
367 3385 497 3464 penae
517 3347 726 3440 canonibus
747 3362 879 3438 statuta
897 3360 995 3439 iufra
1014 3383 1151 3442 novem
1170 3351 1316 3448 dierum

279 3480 444 3583 spacium
460 3474 539 3575 post
552 3469 780 3569 presencium
795 3475 1006 3570 litterarum
1025 3474 1316 3593 publicationem

280 3594 492 3692 immediate
506 3589 913 3690 sequentiumamoveat
927 3575 1317 3690 deseratderelinquat

281 3714 320 3824 dc
347 3734 406 3806 ιιι
427 3708 536 3785 etiam
560 3706 778 3794 concubinas
806 3683 963 3803 quilibet
990 3707 1035 3782 de
1063 3707 1163 3784 clero
1189 3703 1313 3784 nostro

280 3817 369 3924 epm
382 3821 517 3928 effesiu
523 3826 705 3924 expellat,
730 3846 849 3922 neque
865 3820 987 3899 visitet
1008 3842 1126 3920 neque
1144 3823 1190 3899 ad
1209 3815 1297 3895 se
1260 3842 1317 3892 vr-

280 3942 461 4028 fetandum
477 3940 667 4036 permittat
691 3962 762 4036 que
783 3937 844 4014 vel
867 3935 1021 4036 propria
1043 3930 1170 4033 sponte
1194 3934 1317 4037 legiti-

280 4081 365 4160 anus
380 4060 481 4148 uiros
498 4057 682 4134 duxerunt
698 4057 758 4133 vel
775 4052 907 4154 quibus
927 4074 993 4130 vos
1013 4051 1105 4149 ipsr
1067 4076 1131 4127 rm
1146 4045 1317 4146 telamon

280 4174 320 4256 ἁ
342 4176 512 4284 umbram
537 4178 721 4288 quandam
744 4173 828 4255 ficte
859 4170 1057 4254 honestatis
1086 4171 1131 4248 ιιι
1154 4167 1315 4300 maritis,

1203 4283 1298 4385 qui
