3409 5117
663 520 935 606 &W
1192 537 1269 648 eat'

237 706 240 739 ³
271 697 518 776 tendouobis
536 698 703 774 omnibus
721 697 756 773 tit
773 698 920 802 singulis
938 699 1068 797 quibus
1086 700 1232 797 presens
1248 709 1315 782 noa

279 820 357 894 ster
373 813 563 915 processus·
575 816 747 918 dirigitur
770 817 1031 913 specialiter&
1057 821 1239 917 expresse,
1266 809 1317 899 ne

281 934 414 1029 aliquis
446 932 606 1006 vestrum
631 932 870 1007 concubinam
897 932 1057 1030 aliquam
1082 936 1156 1014 five
1181 938 1313 1014 mulie-

280 1071 364 1127 rem
380 1051 499 1127 seeum
524 1048 723 1145 suspeilatu
749 1051 878 1148 quovis
907 1051 973 1125 sub
995 1056 1122 1130 colore
1143 1054 1180 1131 in
1203 1059 1315 1133 donto

240 1260 244 1264 ,
281 1168 360 1246 five
381 1164 604 1246 habitatione
629 1168 691 1245 soa
709 1187 833 1246 tenere
849 1185 914 1246 aut
930 1171 1021 1244 inibi
1033 1188 1099 1246 aut
1114 1188 1218 1250 extra
1232 1198 1314 1252 earn

282 1289 427 1365 nutrire
443 1288 648 1383 pretendat,
674 1285 732 1362 sed
757 1288 781 1363 s
810 1289 942 1387 aliquis
964 1289 1125 1368 vestrum
1143 1293 1253 1370 talem
1273 1294 1312 1370 in

282 1407 452 1483 dumosi
481 1408 703 1485 habitatione
728 1404 789 1483 sua
816 1408 952 1484 babeat
974 1430 996 1484 a
1021 1407 1057 1485 se
1085 1410 1252 1507 protinus
1274 1409 1315 1486 tiu

281 1525 435 1599 onunino
454 1525 672 1600 excludat&
690 1528 846 1622 repellat
862 1528 964 1603 nullo
984 1548 1145 1624 unquam
1167 1541 1312 1627 tempo-

280 1669 326 1725 re
345 1649 494 1724 eandem
506 1652 566 1724 vel
586 1648 693 1723 aliana
713 1649 964 1743 resumpturus
982 1651 1040 1721 vel
1058 1648 1167 1724 etiam
1177 1646 1317 1727 almis:
1407 1701 1410 1708 1

283 1767 391 1846 surus
419 1788 536 1863 neque
563 1765 755 1863 quisquam
780 1758 921 1841 ealeeos
944 1765 1114 1841 sostratus
1142 1768 1316 1846 cultellos
1431 1844 1434 1850 ,

282 1889 436 1968 fixorios
448 1901 513 1961 aut
529 1886 641 1961 uestes
665 1887 808 1963 illicitas
826 1884 972 1962 deferre
988 1882 1063 1959 stv'e
1081 1908 1165 1962 eum
1177 1867 1316 1978 eisde'n'r]

281 2008 468 2099 incedere,
482 2006 632 2080 choreas
641 2004 807 2082 tabernas
825 2004 1077 2101 speetaeolave
1091 2005 1238 2101 publiea
1252 1989 1315 2083 'vi-¹

282 2131 409 2223 snare,
424 2124 684 2223 negotiationes
701 2124 880 2204 seculares
894 2127 1188 2203 veleommereia
1205 2131 1312 2223 ludos

281 2246 652 2339 tabernariorumque
668 2244 787 2321 officia
797 2243 924 2320 illicita
940 2251 1111 2320 exercere
1125 2244 1311 2340 presusnat

279 2371 454 2470 quodque
477 2366 637 2439 notarios
664 2386 737 2439 nou
761 2360 928 2440 admissos
956 2362 1032 2440 five
1054 2362 1243 2463 inscriptos
1261 2373 1310 2446 ad
1427 2369 1430 2374 ’

280 2488 484 2568 notariatus
509 2481 668 2558 officium
693 2484 844 2560 clericos
869 2484 1085 2583 peregrinos
1108 2482 1144 2557 tiz
1164 2484 1310 2585 ignotos

280 2608 330 2700 ad
355 2602 564 2676 divinarunt
586 2598 894 2694 celebrationem,
923 2600 1101 2694 petitores
1126 2595 1201 2673 slve
1220 2623 1311 2698 que.
1372 2629 1376 2648 ι

278 2726 396 2801 stores
413 2719 550 2792 litteras
570 2712 829 2791 adurissoriales
852 2730 1018 2812 patentes
1043 2713 1192 2790 uriuime
1207 2712 1315 2815 erpi-³

282 2858 383 2921 tatas
405 2860 430 2910 a
455 2835 559 2912 nobis
585 2835 647 2909 vel
676 2834 814 2909 vicario
840 2834 1026 2911 nostruin
1063 2830 1311 2929 spiritualibus
1404 2919 1407 2939 1

279 2965 465 3036 'etnatratas
494 2951 566 3028 non
595 2952 769 3040 habentes
796 2954 945 3027 minime
972 2945 1306 3046 ‘senitentiam-

280 3103 354 3178 que
387 3076 495 3153 etiam
528 3076 659 3171 aliquis
692 3074 924 3151 beneficiatus
952 3071 1135 3151 eeclesiam
1164 3075 1202 3151 in
1237 3101 1310 3177 qua

279 3197 517 3279 beneficiatus
540 3193 662 3269 extitit
685 3208 853 3290 tempore
873 3195 990 3270 divini
1006 3194 1116 3295 officij
1135 3195 1207 3273 fine
1222 3202 1311 3275 reli·

278 3326 392 3425 gione
408 3316 529 3393 debita
550 3332 658 3410 atque
683 3310 939 3411 superpellicio
961 3315 1227 3411 quovismodo
1253 3315 1320 3394 inss'
1356 3311 1362 3324 ‘
1476 3377 1480 3387 .

278 3456 383 3515 trare
402 3432 594 3527 protendat
606 3427 671 3531 sub
684 3432 793 3527 'penis
810 3430 1040 3529 sententiis&
1059 3432 1216 3511 censuris
1233 3449 1314 3513 tarn·

277 3553 317 3629 in
352 3542 641 3642 provincialibus
686 3561 795 3635 quarn
836 3540 1055 3621 fioodalibus
1097 3546 1235 3621 statutis
1273 3542 1310 3617 tiz

277 3668 464 3765 fignanter
481 3658 661 3732 nonnullis
684 3659 721 3731 in
745 3659 966 3753 proeellibus
992 3684 1012 3735 a
1038 3662 1141 3740 nobis
1169 3661 1328 3737 uuilto->

272 3801 354 3879 que
375 3773 543 3847 matidato
575 3771 747 3887 epaenetis
774 3788 885 3866 atque
905 3762 1104 3868 ³publicatis
1132 3771 1313 3849 contentis

264 3890 318 3959 oz
340 3876 512 3974 expressis
530 3878 679 3972 aliisque
706 3880 941 3976 gravioribus
966 3885 1075 3958 etiarn
1105 3880 1311 3977 arbitrarijs

275 4015 350 4094 per
366 4015 430 4071 nos
447 3997 504 4068 vel
521 3993 700 4068 vicariurn
719 3996 881 4072 nostrum
900 3989 1123 4075 autetlislutn
1142 3998 1312 4099 infligenss

278 4106 458 4199 dispersis
477 4105 895 4183 districtiusiubibentus
921 4107 1083 4188 volentes
1106 4108 1253 4206 iul'uper
1276 4109 1314 4185 ἀ

275 4214 346 4291 litu
381 4234 477 4309 pena
498 4213 734 4311 suspensionis
760 4221 808 4293 ab
834 4218 961 4321 offleiJs
992 4223 1202 4299 divinorum
1228 4241 1313 4317 pera

1116 4348 1261 4432 empto·
