3409 5117
406 745 520 835 getur
534 730 570 809 dr
582 729 770 833 flagellum
786 729 833 803 ad
848 751 914 806 nos
936 727 1160 827 castigandos
1177 724 1226 803 ob
1250 724 1367 822 ipous
1389 724 1435 801 di·

392 854 496 932 trine
511 851 704 949 maiestatis
722 848 894 929 offensam
918 849 1140 928 indicibilem
1160 845 1232 949 jam
1250 847 1327 947 jam
1344 869 1439 924 com·

240 1021 250 1028 -
328 1021 334 1051 -.
407 966 633 1067 plicatum&
652 965 840 1044 extensum
857 965 986 1043 nostris
1005 964 1357 1054 interventionibus,
1386 976 1439 1038 ut·

401 1091 587 1176 cumque,
620 1077 791 1175 precibus
810 1072 886 1175 ipse
907 1072 1238 1192 misericordiarum
1260 1090 1373 1172 pater
1388 1090 1442 1147 rc·

361 1286 363 1289 ¹
407 1194 533 1272 trahat
548 1195 583 1272 o
597 1216 678 1273 eam
696 1217 804 1293 quam
824 1192 895 1271 suis
911 1192 1086 1315 fidelibus.
1097 1185 1274 1271 ultionem
1287 1191 1373 1269 lieri
1383 1188 1441 1263 dc·
1480 1263 1481 1280 Ν

408 1330 581 1395 creverat
603 1330 732 1393 contra
759 1314 951 1393 christiane
975 1313 1164 1417 religionis
1189 1314 1311 1391 hostes
1333 1329 1441 1412 atque

281 1423 283 1427 ’
408 1434 506 1512 illius
524 1429 1005 1530 persecutoresexasperare
1021 1454 1094 1508 non
1108 1433 1245 1508 abnuat
1258 1434 1296 1510 in
1313 1453 1439 1531 pacem

409 1572 454 1628 ac
469 1551 734 1626 incrementum
751 1548 863 1623 totius
879 1546 1104 1654 ecclefieiiici
1124 1548 1233 1626 llatus
1253 1550 1327 1625 hac
1350 1564 1442 1623 tem·

408 1670 545 1769 pestate
561 1669 728 1770 graviter
742 1665 973 1757 fluctuantis,
999 1667 1128 1745 deinde
1151 1691 1197 1745 ne
1227 1671 1352 1745 clerus
1376 1690 1438 1746 no·
1479 1739 1481 1748 .

387 1788 483 1872 ,ster
505 1787 542 1862 in
568 1784 729 1873 tabernis
760 1800 826 1859 aut
849 1780 1124 1884 quibuscunque
1148 1786 1229 1885 alijs
1257 1787 1438 1863 laicorum

409 1900 650 1981 conventibus
670 1900 827 1977 bibendo
842 1898 1108 1979 commoliendo
1123 1904 1284 1979 ludendo
1294 1901 1330 1980 se
1340 1927 1438 1981 com·

408 2019 557 2099 misceat
571 2018 835 2109 interdicimus,
862 2017 1034 2115 qnoniam
1048 2044 1094 2098 ex
1107 2022 1178 2096 hoc
1193 2022 1365 2099 virorum
1385 2023 1436 2098 in·

410 2135 637 2234 ineqbalium
666 2130 854 2209 consortio
878 2133 1069 2212 innumera
1089 2136 1253 2233 pericula
1273 2131 1440 2236 surgunt,

408 2259 538 2333 vident
555 2254 652 2330 enirn
676 2250 712 2326 dt
736 2252 890 2327 audiunt
910 2250 1051 2327 clericis
1076 2254 1185 2349 opido
1208 2239 1329 2330 infesti
1350 2257 1435 2332 levi·

410 2388 504 2449 tates
521 2360 761 2446 sacerdotales
777 2365 951 2444 absurdos
969 2387 1097 2443 eorum
1115 2376 1236 2445 mores
1249 2359 1436 2473 crapulam

398 2488 447 2563 »tir
464 2485 678 2561 ebrietatem
695 2483 882 2560 lubrica&
903 2478 1054 2558 obscena
1067 2485 1181 2559 verba
1197 2486 1435 2588 blasphemias

408 2622 525 2701 nugas
543 2596 706 2695 perjuria
721 2599 958 2694 cupiditatem
975 2596 1122 2675 fraudes
1144 2600 1268 2703 jurgia
1292 2630 1437 2691 conten-

408 2718 525 2795 tiones
548 2714 582 2787 dt
607 2729 730 2789 cetera
748 2714 843 2789 vicia
869 2738 939 2814 quc
960 2738 1008 2793 ex
1030 2717 1117 2790 ludo
1143 2721 1437 2824 proficiscuntur,

410 2830 631 2907 detestamur
646 2828 755 2904 etiam
787 2851 847 2904 eas
870 2853 956 2927 quas
978 2853 1046 2927 pre
1064 2827 1100 2908 se
1123 2829 1249 2912 ferunt
1271 2840 1437 2918 levitates
1478 2887 1481 2955 4

409 2948 448 3025 in
465 2944 618 3021 dissectis
636 2942 717 3020 fiffis
736 2948 942 3023 cancellatis
960 2946 1021 3024 seu
1036 2951 1172 3044 apertis
1189 2957 1438 3050 pectoralibus
1479 3007 1481 3034 ι

408 3061 528 3161 pallijs
545 3058 772 3157 diploidibus
784 3060 986 3159 ceterisque
1001 3062 1307 3147 habitibusllatui
1325 3075 1438 3153 lacer.

410 3179 524 3253 dotali
542 3177 685 3272 penitus
701 3177 900 3279 indecoris,
924 3177 1072 3275 insuper
1087 3182 1121 3257 dc
1145 3185 1366 3269 muliebrem
1382 3218 1438 3272 ca·
1479 3266 1481 3306 Ι

301 3340 306 3346 -
383 3289 586 3387 {pillosum
619 3287 875 3383 crispationem
908 3292 1180 3390 eorundemque
1207 3295 1243 3369 in
1276 3304 1438 3383 reticulis
1479 3315 1481 3380 i

346 3457 349 3468 .
410 3400 628 3499 quibusdam
645 3414 791 3493 turpem
811 3420 854 3473 ac
881 3399 1024 3479 exosam
1048 3406 1369 3500 complicationem
1387 3418 1438 3491 ni·
1478 3383 1481 3432 ³

409 3512 596 3604 miamque
614 3510 881 3607 longitudinem
897 3516 991 3589 unde
1014 3513 1049 3589 dc
1070 3518 1186 3591 onmis
1203 3520 1291 3597 fides
1314 3527 1439 3605 divir-

379 3697 383 3702 .
409 3642 468 3703 tus
491 3622 681 3701 marcescit
703 3628 942 3722 posthabetur
972 3636 1180 3711 reverentia
1205 3634 1438 3724 sacerdotalis

312 3773 314 3777 ⁴
410 3740 596 3842 dignitatis
616 3738 735 3838 sthue
758 3766 842 3819 cum
865 3747 1008 3841 pallore
1029 3765 1125 3824 totus
1152 3774 1245 3849 grex
1267 3757 1303 3832 in
1324 3766 1439 3856 preci·

408 3855 539 3953 pitium
550 3856 679 3949 tendit,
694 3858 839 3934 demum
851 3862 980 3937 cundia
992 3864 1026 3937 d'z
1040 3866 1140 3941 aliaa
1153 3869 1258 3944 nobis
1273 3895 1447 3958 emanata

407 3974 578 4046 mandata
593 3969 628 4043 dr
646 3974 819 4067 quicquid
833 3972 1084 4069 superioribus
1111 3982 1238 4057 diebus
1264 3985 1338 4065 hoc
1360 3996 1437 4071 loco

409 4086 686 4184 promulgatum
701 4088 751 4161 est
769 4092 867 4185 quod
882 4093 929 4164 ad
945 4094 1058 4171 vitam
1077 4094 1110 4168 d
1124 4093 1349 4181 honestatem
1364 4110 1440 4186 Do·

409 4199 535 4275 minici
549 4202 674 4310 gregis
688 4202 844 4280 attinere
865 4204 1054 4291 videbitur
1071 4225 1198 4291 tenore
1212 4217 1440 4314 pretendunt

1355 4359 1397 4416 ιιι
