3409 5117
480 491 1076 653 m,m

425 734 535 811 otiam
576 752 624 809 ex
659 728 733 808 boc
776 727 992 825 perditionis
1020 728 1173 804 materia
1206 729 1442 817 ministratur.

424 847 532 926 Cnrae
551 867 642 946 ergo
656 846 761 920 vobis
777 845 821 922 lit
843 841 968 922 dilecti
991 846 1028 921 in
1051 843 1210 921 Domino
1233 846 1302 924 lilii
1317 850 1443 928 Abbo-

423 973 494 1055 tes,
519 973 559 1034 ut
577 955 747 1053 personas
764 956 942 1058 diligatis,
964 955 1055 1030 vitia
1070 955 1338 1055 persequamini
1352 957 1446 1064 ,rba

423 1069 463 1149 ni
490 1069 629 1164 dulces,
661 1069 749 1144 mali
770 1091 835 1147 vos
862 1066 1014 1148 sentiant
1035 1071 1290 1172 correslorer3
1320 1073 1444 1172 Culpa

425 1192 523 1276 enim
539 1190 603 1283 est,
627 1188 786 1287 inculpa
801 1191 951 1267 onmino
965 1187 1124 1266 debitam
1142 1191 1311 1271 relaxare
1328 1193 1442 1272 vindi·

285 1339 290 1350 ·
426 1307 545 1414 siam3
571 1311 606 1387 ric
628 1311 676 1389 lic
696 1313 853 1391 alterum
875 1315 1064 1392 condiatur
1088 1335 1134 1390 cn
1155 1315 1274 1396 altero
1300 1331 1345 1396 ut
1362 1316 1444 1396 boni

425 1437 584 1513 habeant
608 1433 755 1508 omnino
774 1436 933 1510 amando
961 1435 1059 1533 quod
1085 1453 1260 1535 caveant,
1300 1435 1442 1516 &mali

426 1556 638 1649 metuendo,
660 1555 759 1650 quod
779 1556 942 1656 diligant.
986 1556 1158 1632 Ceterum
1171 1547 1262 1634 tunc
1276 1557 1357 1635 Deo
1369 1559 1443 1656 pla·

428 1697 510 1753 cens
526 1673 659 1773 religio
673 1670 861 1771 dirigitur,
883 1671 920 1748 dc
935 1672 1047 1776 vigor
1058 1671 1282 1776 ecclesiastici
1298 1676 1442 1770 Oudiuir

427 1787 721 1877 indissolubiliter
736 1789 995 1886 conservatur,
1028 1795 1122 1873 send
1143 1796 1219 1894 ejus
1249 1797 1443 1880 custodiam

429 1939 552 2002 certus
572 1918 703 1994 modus
725 1914 759 1992 tir
779 1916 932 2013 propria
950 1915 1099 2008 censura
1120 1933 1294 2014 ponatur.
1321 2009 1335 2024 ,-
1349 1917 1443 2022 Quid

428 2037 544 2138 igitur
559 2055 628 2131 per
642 2029 891 2129 operationem
915 2029 1037 2109 Santn
1052 2031 1209 2129 Spiritus
1234 2034 1274 2110 in
1294 2019 1443 2116 merem

428 2150 551 2230 Sansli
574 2144 715 2223 Nicolai
735 2148 782 2221 dc
801 2147 966 2250 Arrocstc
983 2145 1114 2222 fervor
1132 2148 1294 2224 canonici
1313 2147 1444 2224 ordinis

430 2266 626 2347 secundnm
656 2265 753 2341 beati
779 2264 964 2359 Augustini
987 2270 1151 2368 regulam
1177 2267 1445 2364 acceptabiliter

341 2425 344 2430 ·
433 2376 651 2473 custoditur,
677 2383 817 2479 placuit
836 2385 940 2462 nobis
965 2386 1191 2481 propostam
1215 2383 1380 2462 velitum
1400 2383 1444 2460 ad

432 2509 542 2590 instar
562 2504 678 2581 felicis
699 2501 960 2606 recordationis
980 2503 1162 2579 Innocenrit'
1179 2504 1285 2600 Papae
1306 2505 1443 2602 praede·

433 2621 579 2703 cessoris
600 2619 711 2695 nostri
725 2617 815 2696 sedis
829 2619 1033 2713 apostolicae
1046 2619 1265 2698 ausioritrte
1283 2617 1438 2696 firmare

434 2737 482 2812 Et
496 2746 539 2807 ut
557 2732 595 2806 in
608 2753 653 2807 eo
671 2729 827 2807 firmiter
839 2730 1031 2825 perfistatis
1044 2734 1114 2829 piis
1130 2729 1440 2808 exhortationibus

435 2862 679 2925 commonere.
728 2841 926 2920 statuimus
948 2843 1064 2944 igitur
1079 2857 1122 2918 ut
1144 2843 1181 2919 in
1197 2838 1365 2918 Ecclefiis
1383 2859 1442 2914 ve-

433 2957 539 3053 stris,
563 2956 601 3031 in
623 2954 755 3053 quibus
775 2954 908 3052 fratres
929 2959 1042 3034 vitam
1068 2960 1277 3036 canonicam
1303 2957 1443 3060 professi

436 3073 593 3168 degunt,
627 3066 719 3143 nulli
744 3068 894 3143 omnino
915 3068 1103 3148 bominum
1125 3071 1233 3148 liceat
1250 3071 1441 3150 secundum

436 3180 533 3258 beati
556 3178 748 3279 Augustini
767 3186 932 3283 regulam
948 3187 1084 3261 ibidem
1101 3183 1334 3276 constitutum
1352 3181 1443 3258 ordi·

435 3311 519 3367 nem
535 3301 768 3362 commutare.
819 3293 953 3370 Nullus
975 3294 1083 3370 etiarn
1109 3287 1372 3388 Episcoporum
1389 3285 1443 3366 fn·¹

436 3400 531 3479 turis
543 3400 768 3495 temporibus
783 3406 917 3481 audent
932 3411 1008 3505 ejus
1025 3407 1227 3507 Religionis
1249 3404 1384 3506 fratres
1402 3409 1442 3486 de

436 3508 599 3588 Ecclesrir
618 3509 743 3584 vestris
764 3513 972 3592 Abbatibus
990 3517 1147 3613 propriis
1169 3515 1297 3590 inuitis
1311 3509 1378 3594 aut
1394 3520 1443 3596 iu·

434 3619 606 3701 consultis
623 3625 807 3719 expellere
826 3627 1134 3723 uecprofesstonis
1151 3627 1335 3706 canonicae
1354 3630 1443 3728 quir·

432 3737 533 3836 piam
557 3757 602 3812 ex
622 3736 776 3814 ecclesiis
797 3735 931 3815 eisdem
951 3755 1015 3816 aut
1031 3739 1195 3816 claustris
1224 3739 1360 3818 audeat
1376 3739 1443 3824 line

345 3907 349 3922 „
434 3851 620 3932 communi
648 3853 940 3955 congregationis
972 3853 1201 3950 permissione
1252 3853 1444 3946 discedere,

426 3964 675 4044 ¹discedentem
693 3965 782 4044 verb
797 3967 919 4043 nullus
936 3966 1214 4063 Episcoporum,
1236 3961 1444 4060 nullus'Abr

435 4076 583 4174 batum,
608 4081 727 4156 nullus
746 4078 1029 4170 monachorum,
1065 4078 1138 4154 srne
1161 4077 1350 4154 communi
1371 4076 1446 4153 lite·

426 4205 562 4283 ¹rarum
577 4188 744 4268 cautione
757 4183 946 4285 suscipere.
995 4188 1092 4290 Quia
1112 4206 1203 4268 vero
1224 4185 1392 4268 nonnulli
1406 4186 1446 4262 de

438 4319 442 4330 .
1328 4317 1407 4396 ιη,
