3409 5117
299 585 495 682 '¹258
750 590 1083 702 mx

369 746 741 854 premiorteoiepra
758 746 962 827 discernere
977 767 1052 825 non
1077 743 1226 844 poii'unt
1246 758 1313 819 aut
1333 746 1392 842 qui

370 866 428 966 jus
450 865 614 946 solvendi
633 889 706 943 nou
727 865 884 960 hubent,
921 888 1006 942 cum
1038 885 1112 940 nou
1137 863 1246 937 licent
1265 860 1391 956 paffinr

371 967 481 1058 etiarn
497 977 719 1084 sacerdotem
735 977 868 1076 cuique
884 974 1060 1054 sacerdon
1083 975 1252 1051 confiteri
1268 971 1333 1049 nisr
1350 977 1389 1046 de

368 1085 515 1185 speciali
527 1087 672 1165 licentio
685 1087 804 1182 nostra
818 1101 883 1161 aut
897 1083 1095 1184 superioris
1112 1083 1223 1159 nostri
1239 1081 1390 1178 desuper

370 1200 533 1293 obtenta,
557 1221 681 1300 ymmo
697 1203 795 1301 quod
810 1198 1001 1300 pessimum
1014 1201 1066 1277 est
1077 1202 1200 1298 piures
1215 1223 1300 1275 cunr
1315 1222 1388 1275 me-

370 1313 442 1388 dici
457 1329 629 1416 gererent
643 1314 740 1390 uices
764 1316 920 1391 vulnera
936 1309 1233 1411 pericuiofiffinra
1251 1311 1388 1384 deuotis

368 1423 582 1524 pedoribus
605 1423 760 1504 intuliii'e
779 1445 933 1516 cruore,
968 1422 1142 1522 subpena
1158 1422 1387 1518 suspensronis

368 1538 406 1614 dr
421 1537 499 1635 aiijs
512 1536 717 1633 arbitrarijs
732 1560 801 1636 per
812 1561 877 1614 nos
894 1537 1143 1614 ueiuicoriunr
1158 1538 1322 1613 nostrum
1338 1538 1387 1610 in-

367 1651 536 1750 fligendis
552 1648 712 1726 distridie
733 1649 971 1745 precipiendo
987 1652 1198 1725 mandamus
1213 1667 1256 1725 ut
1270 1652 1386 1725 nulius

366 1764 595 1843 ncerdotum
612 1764 735 1843 cierici
751 1760 810 1838 seu
829 1764 911 1840 iaici
928 1761 1288 1862 cujuscunquesertus
1305 1787 1385 1838 con-

366 1878 553 1959 feiiionem
570 1879 696 1957 audiat
716 1876 779 1954 nist
806 1877 871 1953 fibi
893 1876 1057 1973 expreli'e
1077 1879 1215 1953 constet
1237 1879 1385 1977 quodiu

365 2017 452 2072 euru
469 1992 671 2091 habentius
687 1991 824 2091 iigandi
839 1988 874 2063 dr
893 1987 1056 2065 soluendi
1074 1995 1226 2087 proprio
1249 2008 1316 2069 out
1333 1984 1384 2061 su-

303 2206 305 2212 ,
365 2111 524 2203 periuris
548 2110 696 2185 obtento
716 2104 937 2184 notioritote
958 2103 1033 2182 {ive
1058 2108 1267 2192 exindulto
1292 2105 1384 2204 quod

366 2221 540 2318 confitens
556 2246 578 2297 a
597 2217 786 2316 superiore
808 2212 871 2289 suo
892 2214 1117 2308 obtinuerit,
1143 2218 1317 2314 ipsruero
1337 2215 1383 2292 sa-

366 2335 532 2409 cerdotes
564 2325 807 2408 coufeffiones.
827 2331 1003 2424 precipue
1032 2330 1230 2407 mulierum
1259 2332 1382 2409 hurniii

366 2450 476 2521 vuitu
503 2448 537 2524 dc
561 2450 675 2524 oculis
696 2448 743 2522 ud
768 2462 904 2552 terrun]
932 2446 1058 2530 defixis
1087 2453 1217 2526 audire
1241 2453 1380 2547 debent,

366 2564 538 2655 quoniam
555 2580 677 2637 auteur
700 2559 806 2634 multi
830 2564 940 2638 rudes
960 2549 1042 2637 sunt
1063 2563 1099 2639 in
1116 2565 1289 2645 faciendis
1303 2591 1380 2645 con·

364 2675 575 2755 feffiouibus
591 2674 737 2768 publice
750 2677 797 2752 ab
822 2696 950 2754 eorum
969 2680 1132 2775 plebanis
1157 2682 1194 2759 in
1218 2689 1380 2763 cancellis

363 2782 564 2864 instruendi
578 2779 660 2858 sunt
677 2797 810 2870 utcunr
827 2783 1033 2864 humilitate
1049 2788 1083 2862 <iz
1099 2797 1308 2870 reverentia
1321 2797 1379 2874 fle·

357 2896 419 2986 ¹xis
437 2893 589 2995 genibus
608 2890 740 2992 juniiis
765 2891 932 2970 miruibus
954 2896 1181 2991 discooperto
1197 2907 1317 3000 capite
1334 2905 1380 2984 su.¹

363 3011 551 3086 cerdotem
580 3009 772 3101 accedant,
804 3011 976 3088 mulieres
1004 3037 1151 3111 quoque
1179 3016 1378 3099 instruendo

360 3123 458 3214 suut,
487 3142 532 3195 ue
547 3138 631 3196 ante
646 3120 989 3202 faciem'saeerdotis
1006 3127 1066 3205 sed
1088 3129 1134 3201 ud
1151 3128 1227 3222 ejus
1243 3135 1334 3211 lutus
1348 3135 1378 3212 se

339 3233 605 3334 ¹:coiiocentrre
628 3232 664 3308 in
687 3232 779 3338 facie
805 3235 1019 3334 videantur,
1040 3262 1146 3335 .quas
1166 3244 1378 3326 confess‘ures

338 3339 436 3420 'tatu
451 3345 598 3420 honeste
613 3345 853 3447 relligioseuc
877 3346 996 3427 sande
1019 3346 1148 3431 audire
1168 3358 1207 3432 dc
1219 3341 1378 3442 'interro-

360 3461 450 3558 gare
464 3457 596 3530 debent
612 3472 651 3531 ut
666 3473 771 3552 pater
787 3459 923 3536 celestis
945 3463 1007 3558 qui
1027 3466 1148 3540 omnia
1171 3469 1209 3544 in
1233 3474 1378 3551 abscou-

234 3639 239 3654 ,
330 3573 437 3682 J'dito
452 3573 597 3648 videtin
610 3577 711 3649 nullo
728 3573 947 3671 offendatur,
967 3581 1014 3653 ud
1027 3582 1248 3663 audiendum
1262 3608 1378 3670 autem

337 3677 595 3778 'scorrfeffioues
611 3686 795 3787 eligendus
812 3689 863 3762 est
879 3689 915 3764 in
933 3692 1079 3768 ecclesra
1097 3697 1197 3772 iocus
1220 3725 1380 3780 commu.

358 3791 414 3866 uis
431 3791 465 3866 dt
482 3808 608 3887 patens
626 3809 666 3867 ut
683 3789 728 3867 ab
747 3796 914 3904 omnibus
933 3798 1038 3894 potiit
1053 3803 1172 3879 videri
1188 3805 1379 3908 confertur,

358 3928 405 3984 ne
419 3908 463 3979 de
480 3907 559 3981 loco
576 3903 737 4002 suspeiio
756 3906 962 3986 scandalum
979 3931 1043 3988 aut
1057 3913 1209 4013 suspicio
1227 3925 1380 4021 oriatur,

358 4031 472 4116 quare
494 4018 676 4118 subpena
694 4019 928 4120 snspennonis
949 4028 995 4102 ab
1014 4027 1140 4128 officijs
1156 4034 1382 4124 Divinoru'm

358 4134 518 4250 districie
535 4136 768 4242 precipiendo
789 4142 1001 4216 mandamus
1017 4157 1059 4218 ut
1076 4147 1196 4225 nullus
1216 4147 1384 4249 sacerdos

355 4245 561 4326 nostratum
585 4245 742 4328 ciuitatis
764 4250 798 4329 dic
824 4243 969 4331 diocesin
990 4250 1028 4332 iu
1047 4256 1156 4338 domo
1177 4267 1242 4346 ,vel
1264 4269 1305 4347 iu
1322 4293 1384 4351 au·

1217 4387 1221 4396 '
1235 4390 1337 4487 gulis
