3409 5117
415 565 487 658 228
570 650 572 654 Ι
729 550 999 617 m&

328 663 434 794 flate
457 711 631 792 sententie
655 727 784 793 contra
808 705 844 787 se
875 705 1029 790 decretis
1053 717 1229 795 emanmb
1251 718 1288 797 dc
1308 716 1389 801 ioli·

360 837 479 917 nuatis
493 834 590 913 infra
607 834 803 913 torminum
819 829 856 906 lo
880 828 931 909 eis
953 830 1231 929 pactionum
1254 863 1389 940 parue-

359 953 435 1027 rint
461 967 583 1029 tameo
605 952 761 1058 credunt
779 946 815 1024 se
836 963 911 1024 oon
929 937 1001 1025 etse
1024 941 1208 1049 suspensos
1239 956 1304 1033 vel
1327 982 1390 1035 ex·

222 1115 225 1121 ·
276 1110 284 1124 ·
352 1075 645 1182 communicatos
661 1069 725 1149 nisi
749 1067 940 1169 postquam
957 1066 1133 1152 declarati
1157 1093 1224 1153 aut
1241 1079 1389 1176 publice

346 1189 559 1269 denuntiati
575 1184 764 1264 fuerint&
784 1185 833 1262 ob
857 1182 927 1263 hoc
944 1186 980 1265 se
997 1205 1070 1267 non
1090 1209 1221 1269 curant
1244 1193 1386 1272 absolvi

354 1311 418 1391 seu
434 1305 573 1385 restitui
597 1303 743 1401 sintque
761 1299 928 1379 nonnulli
946 1300 1023 1381 stne
1043 1302 1155 1383 dubio
1174 1331 1387 1390 excommu-

354 1428 466 1509 nicati
487 1426 548 1502 vel
570 1421 725 1519 suspensa
749 1424 812 1520 qui
835 1421 870 1501 se
890 1421 1078 1502 absolutos
1102 1425 1178 1505 live
1200 1433 1385 1512 restitutos

298 1571 303 1594 ··
355 1541 427 1624 elle
449 1539 677 1619 mentiuntur
692 1539 824 1615 divinis
848 1537 884 1616 se
900 1537 1028 1639 officijs
1044 1540 1084 1642 dr
1105 1545 1194 1619 alias
1220 1569 1386 1627 commu·

352 1660 454 1740 nioni
485 1657 675 1734 hominum
708 1651 743 1730 cz
771 1655 1045 1754 participationi
1070 1656 1383 1750 sacramentorum

240 1867 244 1880 ,
352 1781 587 1882 ingerentes,
624 1799 695 1876 que
714 1776 850 1874 partim
874 1794 1039 1854 errorem
1053 1781 1261 1879 partimque
1276 1788 1381 1861 mali·

352 1891 446 1972 ciam
464 1891 581 1991 prese
597 1891 735 1984 ierunt,
763 1890 904 1993 singula
923 1908 1045 1970 tamen
1065 1894 1103 1969 in
1125 1916 1282 1997 gravem
1306 1918 1382 1981 ten·

282 2073 285 2080 .
318 2032 320 2046 ·
351 2018 444 2095 dunt
465 2020 645 2095 maculam
660 2017 865 2093 animatum
882 2016 1070 2113 multeque
1086 2037 1153 2114 per
1170 2019 1240 2096 hoc
1261 2023 1381 2103 anime

330 2158 394 2221 -ut
406 2143 608 2219 timendum
625 2140 675 2217 est
698 2137 902 2236 periclitate
920 2133 1002 2212 sunt
1021 2137 1056 2213 dc
1076 2138 1327 2221 verisimiliter
1342 2145 1381 2224 in

348 2261 477 2341 futuro
499 2258 701 2358 periclitari
722 2251 882 2354 possent,
921 2257 1085 2333 volentes
1101 2256 1224 2355 itaque
1241 2259 1279 2335 io
1294 2282 1379 2359 pre·

347 2379 457 2458 missis
475 2396 641 2455 errorem
659 2374 811 2504 tollere,
837 2370 989 2469 malicijs
1013 2373 1166 2451 obviare
1188 2372 1379 2459 &anima-

346 2519 432 2578 rum
458 2497 562 2573 saluti
587 2511 741 2592 paterna
766 2491 914 2588 quidem
938 2489 1132 2569 affectione
1159 2515 1296 2589 quanto
1326 2502 1378 2579 sa·

344 2614 489 2695 lub‘rius
508 2611 692 2711 possumus
715 2611 915 2709 providere
922 2662 935 2703 ,
969 2610 1166 2690 hortamur
1192 2622 1374 2699 omnes&

342 2731 503 2835 llngulos
516 2732 819 2839 qualitercunque
832 2733 1164 2810 excommunicatos
1178 2756 1247 2831 per
1261 2737 1374 2819 visce-

342 2877 386 2934 ra
403 2853 651 2934 misericordie
674 2869 851 2951 quatenus
875 2850 910 2927 se
932 2855 1040 2932 etiam
1064 2859 1142 2952 post
1162 2857 1375 2939 satisfactio·

340 2993 427 3049 nem
442 2985 505 3048 aut
521 2968 749 3048 amicabilem
763 2968 1061 3063 compositionem
1082 2993 1164 3046 cum
1180 2972 1259 3051 lesrs
1279 2980 1374 3074 post·

341 3107 451 3185 quam
478 3083 613 3182 prefixi
642 3084 679 3159 in
708 3085 906 3159 monitorio
941 3086 1087 3163 termini
1116 3105 1264 3183 captum
1289 3117 1372 3173 cum

339 3202 583 3278 creditoribus
606 3199 741 3277 faciam
758 3203 960 3282 realiter&
977 3227 1062 3282 cum
1082 3204 1213 3287 effectu
1234 3213 1282 3289 ab
1303 3214 1371 3311 hijs

338 3325 386 3404 ad
402 3345 491 3420 qtros
506 3344 635 3400 eorum
651 3322 789 3420 spectat
802 3319 982 3405 absolutio
1007 3324 1147 3406 absolvi
1166 3340 1370 3427 procurent

337 3442 532 3542 literasque
549 3443 704 3541 desuper
721 3448 909 3525 obtineant
929 3472 972 3524 ac
993 3452 1128 3527 curatis
1150 3450 1225 3528 five
1243 3455 1370 3551 pleba-

336 3566 393 3644 nis
405 3586 534 3640 eorum
553 3566 714 3661 prestent
732 3567 767 3650 dc
793 3569 980 3646 ostendant
1002 3570 1277 3673 inhibentesque
1304 3575 1368 3653 sub

335 3708 430 3787 pena
452 3684 659 3762 obedientie
675 3687 711 3763 dc
727 3689 816 3765 alias
835 3689 1034 3767 arbitraria
1050 3712 1118 3787 per
1141 3716 1206 3769 nos
1229 3698 1290 3773 vel
1315 3700 1369 3773 vi·

334 3803 475 3880 carium
502 3776 665 3879 oollrum
690 3805 728 3880 io
754 3802 1002 3902 spiritualibus
1029 3806 1227 3909 infligenda
1253 3836 1299 3888 ne
1324 3814 1370 3891 de

301 3948 303 3953 ·
333 3940 457 4004 cetero
477 3921 668 4019 quisquam
683 3919 848 3999 sacerdos
877 3942 1026 4003 curatus
1048 3943 1114 4002 aut
1130 3929 1251 4023 quivis
1275 3930 1373 4021 alius„
1385 4027 1388 4032 ι

332 4036 438 4116 nobis
455 4032 640 4131 subjeilus
659 4058 912 4137 quamcunque
931 4037 1122 4138 personam
1142 4042 1218 4119 slve
1230 4042 1369 4121 secula·

278 4244 283 4256 Ι
334 4169 415 4231 notu
434 4150 512 4230 five
538 4151 809 4234 ecclesiasticam
833 4178 856 4236 a
879 4159 1027 4240 canone
1057 4159 1189 4242 veleb
1215 4159 1369 4245 homine

1252 4305 1318 4364 ΟΧ·

544 4395 561 4435 f
