3409 5117
659 565 927 634 ΨΜ
1210 589 1268 664 55*

272 724 417 805 ditione
429 719 512 801 casu
529 745 603 821 qao
618 709 693 804 nnn
710 713 823 802 luerit
841 726 1081 824 qualificatus,
1095 733 1193 830 qnod
1210 731 1307 812 infra

275 843 421 941 dimidij
438 845 523 919 anni
545 842 697 941 spatium
723 842 758 920 se
777 848 823 919 ad
847 847 991 922 ordines
1017 848 1169 946 majores
1195 852 1314 932 etiarn
1355 881 1361 890 ·

274 963 545 1082 presbiteratus
560 965 773 1059 promoveri
789 987 832 1040 ae
852 963 959 1040 etiam
980 968 1067 1041 olias
1084 967 1120 1040 in
1138 967 1311 1046 omnibu!

276 1076 315 1149 dr
334 1101 402 1174 per
417 1082 540 1156 omnia
553 1081 686 1158 abilem
706 1080 741 1154 dr
759 1082 938 1178 ydoneum
955 1079 1065 1158 faciat
1081 1080 1115 1156 ἂ
1133 1079 1307 1177 persona*

274 1194 364 1272 liter
380 1197 533 1274 reddeat
543 1200 640 1292 apud
659 1200 808 1273 eandem
831 1195 1013 1276 ecclesiam
1034 1196 1190 1274 nostram
1210 1198 1243 1272 dr
1265 1197 1313 1278 in·

278 1327 542 1409 eventumque
567 1314 751 1415 negligens
777 1311 813 1388 in
836 1312 906 1389 ltoe
929 1308 1043 1408 fuerit
1067 1307 1161 1389 dein
1180 1310 1305 1411 hujus·

275 1428 382 1505 modi
395 1429 570 1523 temporis
586 1423 699 1525 spatio
716 1426 751 1503 se
770 1450 843 1501 non
860 1426 992 1502 abilern
1015 1426 1216 1505 reddiderit
1241 1427 1306 1528 serr
1441 1500 1444 1504 .

275 1545 1306 1648 lieriprocuraverit,extnneDomioideCapituloaliunr'

275 1667 463 1769 ydoneum
477 1672 731 1770 capitularem
752 1674 964 1756 canonicum
986 1670 1023 1747 in
1053 1672 1174 1752 locum
1193 1671 1310 1772 ipllut'.

276 1795 417 1896 eligere
431 1793 818 1872 habebuntdzhabent
833 1789 986 1896 liberam
1001 1788 1304 1888 potestatemabs·

276 1941 350 2018 que
375 1920 498 2018 aliqua
527 1912 815 1992 contradielione
836 1907 910 1987 fine
932 1913 1164 2009 exceptione,
1195 1916 1305 2012 Apo·

277 2034 410 2112 stolicis
435 2056 479 2108 ao
500 2023 694 2130 ordinarijs'
716 2030 1037 2108 constitutionibus
1062 2031 1307 2132 Generalibue,

277 2149 567 2254 quibuscumque
593 2174 666 2228 non
694 2148 940 2242 obstantibus,
979 2149 1015 2224 dr
1041 2149 1137 2227 idem
1163 2141 1308 2250 Jurabit‘
1391 2175 1399 2191 ’

278 2273 466 2370 quodnon
487 2270 579 2346 velit
601 2267 807 2370 hujusmodi
830 2268 1050 2348 ordinationl
1073 2265 1149 2346 five
1170 2270 1302 2347 consti·

278 2391 412 2468 tutioni
429 2392 505 2466 ullo
523 2392 633 2468 modo
650 2412 719 2487 per
732 2384 963 2486 quascunque
986 2386 1125 2466 litteras
1146 2388 1302 2488 privile.

277 2507 391 2610 giotas
406 2525 536 2584 contro
556 2508 609 2583 ire
618 2503 679 2581 seu
694 2505 950 2582 contravenire
962 2517 1027 2607 aut
1043 2501 1165 2583 facere
1181 2527 1249 2603 per
1264 2501 1308 2612 se*

277 2627 339 2703 vel
354 2626 468 2704 alium
487 2624 548 2704 seu
563 2627 653 2704 alios
670 2626 807 2702 direele
823 2626 882 2702 vel
902 2603 1079 2727 indireele
1090 2646 1208 2722 neque
1222 2628 1308 2703 ve1··

278 2747 313 2820 le
341 2742 542 2840 impetrare
567 2768 684 2841 neque
712 2743 915 2841 impetratis
952 2740 1005 2815 uti
1022 2739 1093 2816 'vel
1127 2744 1307 2841 gauderer

280 2866 461 2964 Quoniam
478 2878 633 2963 propter
647 2860 845 2940 absentiam
871 2862 1066 2963 longevam
1095 2860 1203 2955 ipsius
1223 2864 1301 2940 De·

279 2988 357 3066 coni
374 2985 521 3064 ecclelia
529 2987 649 3063 nostra
662 2987 920 3064 detrimentum
936 2986 1011 3084 pari
1028 2977 1229 3083 dzpersone¹
1239 3008 1304 3069 res

279 3100 430 3180 fidentes
459 3103 512 3180 ad·
528 3098 709 3201 lasciviam
733 3099 1073 3183 &inobedientiam
1100 3097 1309 3203 provocari·

278 3219 429 3321 pollent.

758 3397 795 3478 D
817 3422 845 3498 4
1044 3471 1048 3476 .
1157 3399 1251 3482 Item

371 3587 573 3681 marano
583 3601 618 3661 ot
633 3593 787 3661 Cononloi
804 3618 866 3685 per
881 3597 912 3666 se
930 3595 1193 3676 commonitorio
1207 3596 1308 3687 prm·

371 3685 463 3775 cipio*
476 3709 577 3782 norea
595 3691 803 3779 plantationis
822 3696 886 3763 suae
899 3707 932 3762 et
951 3694 1161 3783 deinceps‘in
1178 3715 1299 3782 perpe·⁸

371 3792 488 3871 tuum,
511 3792 770 3878 rpendocunque
786 3811 900 3858 vacare
917 3792 1109 3881 contigerit,
1134 3799 1172 3857 ad
1194 3795 1301 3860 Dece‘

370 3890 537 3976 natumst
550 3884 732 3952 &moram
755 3897 792 3953 'et
813 3898 855 3956 ed
868 3888 1054 3955 Custodiam
1075 3892 1130 3953 vel
1147 3894 1186 3952 ad
1203 3887 1299 3958 aliam

374 3995 601 4084 quameunque
619 3981 809 4069 diffinitatem
823 3984 879 4051 seu
894 3984 1099 4073 personatum
1115 4035 1126 4068 ,
1153 4004 1251 4070 quern
1262 3984 1299 4052 in

372 4080 487 4145 eadem
503 4076 774 4156 Ee'cleliainstimi
790 4081 961 4170 contigerit
979 4080 1010 4146 in
1027 4082 1196 4165 futurum,
1222 4100 1297 4167 per·

359 4168 465 4239 -soaae
479 4172 643 4261 eliganter
659 4175 851 4260 potestatem
868 4177 1010 4266 eligendi
1027 4177 1175 4253 habeant,
1202 4173 1298 4263 ipsas-

359 4272 439 4353 'qoe
451 4271 602 4357 personas
617 4268 734 4339 ereans
756 4284 796 4343 ad
810 4278 1064 4345 confirmandum
1088 4293 1200 4340 eorum
1215 4275 1308 4344 em

371 4364 477 4452 Μία
492 4366 735 4457 representat
