3409 5117
476 582 546 658 ευ
810 559 1079 692 Μ

879 732 1016 843 XCI.

441 918 654 1068 'Jubilotu
709 946 838 1036 Anno
876 942 1213 1065 quingentesimo
1251 970 1426 1062 quarto.

305 1211 307 1216 .
425 1133 671 1313 Ludovicos
691 1131 759 1209 dre.
796 1101 889 1208 com'
907 1128 1063 1230 superna
1081 1129 1318 1227 dispositione
1337 1133 1387 1209 od
1400 1155 1453 1231 pr·

519 1247 646 1325 storele
665 1242 786 1319 vocati
810 1242 973 1343 regimen
997 1240 1099 1318 ooo
1119 1243 1156 1319 id
1180 1243 1389 1321 innumeris
1410 1245 1454 1320 le·

426 1353 578 1436 boribus
596 1357 691 1436 curis
710 1358 744 1431 dr
763 1356 936 1433 oneribus
955 1355 1028 1434 stne
1045 1355 1310 1434 intermiffione
1326 1376 1453 1457 gravo

306 1567 310 1578 K
425 1475 457 1552 ti
482 1477 715 1553 molestemus
741 1472 1020 1569 consumor,
1044 1473 1114 1550 hoc
1136 1491 1259 1549 tamen
1279 1476 1452 1572 precipue

340 1677 345 1701 ‚
425 1593 549 1673 sedulo
574 1615 663 1669 cure
684 1593 895 1687 intentaque
922 1590 1052 1669 mentis
1079 1592 1156 1666 ocie
1177 1590 1283 1677 nobis
1311 1589 1451 1669 verson-

427 1709 513 1782 dum
532 1702 600 1780 effe
615 1718 800 1801 putamus,
832 1718 873 1776 ot
889 1725 1041 1804 gregem
1064 1703 1285 1780 dominicum
1309 1703 1451 1781 terribi-

425 1826 454 1903 li
468 1823 571 1900 nobis
589 1820 763 1900 sententio
782 1820 1008 1899 commissum
1025 1821 1130 1923 vigili
1143 1822 1310 1900 custodia
1323 1821 1451 1902 studio·

428 1962 500 2038 que
525 1934 696 2014 indefesso
722 1950 884 2012 tutemur
910 1935 1225 2034 renuerimus,
1251 1957 1450 2017 errantem·

429 2081 500 2155 que
521 2062 567 2134 ad
583 2052 713 2154 pascua
734 2075 949 2131 revocemus
968 2054 1161 2153 solutoris,
1186 2061 1286 2156 qood
1320 2056 1449 2158 potilii·
1473 2139 1476 2150 ,

426 2199 528 2255 muni
545 2172 714 2270 consequi
728 2171 968 2265 arbitramur,
991 2172 1019 2251 sr
1037 2174 1176 2251 clernrn
1193 2198 1303 2273 qoem
1319 2179 1359 2255 in
1377 2200 1448 2278 por·

427 2312 502 2373 tem
518 2292 766 2371 sollicitudinis
786 2292 890 2367 nobis
915 2289 1182 2370 sociavimus&
1204 2293 1467 2396 ussunspfinrus¹

428 2414 476 2487 ed
498 2408 550 2484 sni
579 2410 686 2485 [lotus
715 2403 749 2482 o
774 2407 958 2506 dignitatis
988 2405 1246 2484 testitudinem
1274 2410 1449 2511 officiique

428 2527 676 2626 integritatem
687 2524 939 2601 reduxerimus
952 2524 1218 2624 redudlunrque
1232 2527 1358 2609 saliere
1375 2532 1449 2607 boo·

428 2665 536 2743 teque
555 2645 839 2736 confoverinrus‚
868 2646 930 2741 ips
947 2646 1044 2722 enirn
1058 2644 1140 2724 sunt
1157 2667 1335 2749 unquam
1351 2652 1448 2755 sagit·

429 2779 467 2839 ta
481 2763 526 2836 ad
544 2779 677 2835 rnetanr
693 2758 875 2835 constituti
892 2760 924 2831 d
940 2762 1036 2856 quod
1059 2763 1105 2836 ab
1128 2764 1179 2839 eis
1203 2762 1332 2863 egitur
1354 2767 1449 2844 facile

427 2875 621 2949 trahitura
638 2869 788 2946 l'nbditis
806 2873 843 2945 in
867 2878 1097 2970 exemplum,
1135 2875 1169 2951 o
1193 2879 1282 2953 alibi
1309 2877 1447 2969 dicitur,

427 2987 631 3069 srsacerdos
650 2991 712 3081 qui
723 2987 780 3063 est
804 2990 932 3066 nudius
951 2995 1186 3087 peccaverit,
1212 2996 1326 3092 faciet
1345 3000 1447 3075 delin-

429 3127 541 3201 quere
558 3104 734 3197 populum
759 3124 881 3177 nreunr
902 3105 936 3179 u
960 3105 1047 3180 alios
1068 3108 1260 3207 egregium
1282 3112 1375 3186 illud
1402 3135 1449 3185 ec·

429 3217 535 3297 clefie
551 3220 672 3292 lunen
689 3218 929 3314 jheronimus,
957 3220 1110 3297 Veteres
1135 3224 1269 3321 iuquit,
1295 3225 1447 3304 scrutans

428 3331 595 3411 historias
613 3332 776 3407 iuvenire
794 3357 865 3408 non
883 3332 1022 3431 possunt
1044 3336 1185 3432 aliquos
1209 3342 1302 3416 alios
1321 3338 1447 3417 scidisse

429 3448 612 3523 ecclesiam
635 3449 753 3524 Deidr
773 3451 818 3525 de
843 3456 951 3528 domo
970 3455 1118 3530 Domini
1144 3453 1321 3535 seduxisse
1340 3480 1446 3559 popu·

428 3570 483 3644 los
503 3588 627 3664 preter
644 3588 704 3645 eos
726 3573 788 3665 qui
810 3569 1012 3670 sacerdotes
1030 3599 1052 3652 a
1071 3576 1151 3651 Deo
1180 3574 1288 3673 positi
1308 3579 1447 3657 erantd

428 3691 609 3786 prophete
625 3689 661 3761 id
679 3692 727 3765 est
741 3689 984 3788 speculatores
1003 3746 1017 3791 ,
1043 3696 1164 3789 addit,
1189 3696 1244 3773 isti
1260 3701 1361 3794 eninr
1378 3719 1447 3775 ver·

428 3823 559 3894 ¹turrtur
576 3806 612 3879 in
635 3809 804 3907 loqueum
823 3811 1025 3890 tortuosum
1042 3814 1080 3891 in
1097 3814 1267 3892 omnibus
1286 3818 1377 3895 locis
1392 3836 1446 3914 po·

429 3945 552 4029 nentes
570 3923 787 4004 scandalum.
823 3930 940 4007 steno
956 3933 1071 4033 igitur
1085 3933 1234 4009 trsrnite
1251 3937 1444 4013 incedentes

430 4044 465 4119 dr
493 4039 650 4142 vestigiis
674 4048 965 4141 predecessorum
993 4053 1199 4131 nostrorum
1220 4051 1381 4135 firmiter
1399 4057 1444 4131 ir·

430 4158 597 4239 herentes
616 4165 850 4265 precipiendo
867 4169 1105 4266 nrarrdarnus,
1132 4187 1174 4249 ut
1195 4174 1322 4251 clerici
1343 4174 1445 4251 nostre

1300 4292 1407 4408 juris
