3409 5117
664 558 936 650 samm
1060 569 1072 584 ‘

286 751 502 871 jamprius
537 748 591 835 de
607 777 723 861 anno
758 770 853 865 312.
871 746 1138 865 adinventas,
1165 748 1207 838 n
1236 754 1307 836 iis-

290 881 377 971 dem
418 885 607 999 primum
628 882 732 992 usus
768 871 851 969 fuit
896 875 1083 1000 Pelagius
1107 879 1156 966 11.
1195 905 1305 974 anna
1362 902 1365 920 ¹
1427 929 1430 948 ι

291 1031 374 1123 ne·
480 1055 484 1068 ·

242 1226 244 1232 ’
292 1208 294 1222 ²
360 1215 636 1307 Enumeratia
661 1238 802 1306 autern
824 1241 1030 1306 annerum
1047 1188 1099 1304 ab
1123 1211 1308 1304 incarna-

288 1352 391 1437 tione
421 1350 595 1468 ineoepit
622 1374 650 1431 a
686 1342 852 1458 Joanne
886 1345 995 1430 XIH.
1019 1352 1117 1464 969.
1147 1346 1215 1432 sed
1247 1349 1308 1429 in-

287 1498 489 1589 terrupte.
561 1470 843 1560 Consecutiv'e
877 1487 1017 1566 autem
1043 1474 1195 1561 &sne
1224 1474 1306 1562 ulla

286 1624 585 1808 isnterrupnone
599 1604 652 1699 ab
678 1603 874 1722 Eugenio
901 1604 972 1695 IV
989 1607 1177 1725 usquein
1198 1629 1306 1730 prae·

298 1746 359 1810 ens
550 1774 553 1779 -

328 1940 638 2048 Ciacconiusin
654 1861 825 2059 isagoge
846 1937 907 2032 sui
929 1944 1070 2055 operis
1091 1940 1301 2038 immerito
1455 2057 1458 2062 Ι

283 2072 473 2192 suspefiias
501 2066 603 2183 fecit
635 2100 781 2160 omnes
822 2098 918 2189 ante
962 2076 1205 2198 Eugenium
1224 2074 1299 2175 IV.
1344 2161 1347 2166 ,

282 2206 399 2304 nulus
423 2206 541 2295 annis
567 2200 863 2294 incarnationis
894 2226 1069 2302 notatas.
1122 2212 1128 2222 '
1429 2221 1433 2228 ·

348 2434 395 2521 In
425 2434 712 2551 Expeditione
738 2378 938 2524 Brevium
960 2427 1182 2524 diversusa
1203 2434 1299 2521 Bul-

282 2564 318 2653 lis
341 2575 458 2687 viget
485 2569 618 2679 stilus3
641 2574 692 2672 in
719 2575 776 2657 eis
807 2573 918 2656 enirn
942 2570 1092 2657 Annus
1119 2598 1298 2685 compu-

286 2726 431 2793 tatura
462 2706 546 2793 Die
581 2710 806 2794 nativitatis
836 2704 1010 2824 Christi,
1044 2707 1112 2795 die
1144 2733 1324 2835 nempe!

281 2859 333 2949 25.
352 2840 501 2931 mensis
520 2839 781 2933 Decembris.
839 2838 1058 2957 Rigantius
1083 2840 1254 2929 loc..eit.
1288 2849 1291 2857 ’
1374 2867 1377 2871 ’

342 3064 478 3169 Quod·
507 3070 548 3152 in
582 3065 690 3155 Data
727 3067 938 3155 Bullarum
970 3068 1087 3154 Anni
1132 3070 1296 3156 initium

275 3185 397 3280 adhuc
413 3193 592 3283 ducatur
619 3225 643 3284 a
673 3196 801 3313 viges
787 3224 870 3287 ma
892 3200 1036 3313 quinta
1059 3196 1220 3299 Martii,
1238 3198 1296 3285 sat

273 3318 466 3440 superque
506 3325 687 3413 ostendit
725 3326 855 3438 Bulla
880 3328 1130 3416 Provisonis
1170 3327 1294 3442 super
1405 3315 1412 3323 ⁸

272 3455 521 3544 Canonicatu
549 3456 593 3564 δι
619 3440 880 3571 praebenda
870 3487 912 3548 ιη
939 3460 1094 3546 Eccles
1095 3489 1117 3546 a
1153 3460 1294 3562 Colle·

273 3584 370 3697 giata
389 3589 432 3675 S.
461 3582 684 3676 ViRoris
674 3611 792 3677 extra
810 3616 957 3678 muros
974 3590 1293 3708 Moguntiuenii

271 3706 345 3792 ab
335 3716 454 3798 initio
486 3714 718 3831 Regiminis
750 3712 945 3801 moderni
976 3713 1121 3801 summi
1150 3716 1291 3802 Ponti·

270 3832 343 3923 ficis
370 3838 580 3950 conceffa3
609 3839 678 3925 Sic
704 3866 843 3927 autem
868 3818 981 3937 Bulla
1014 3841 1187 3927 defun
1197 3841 1281 3931 Da

270 3992 346 4054 tum
387 3970 533 4056 Romae
566 3970 680 4084 apud
719 3969 902 4060 sanstum
939 3974 1106 4059 Petrum
1151 3974 1323 4057 Anno
1375 3997 1386 4049 .’

270 4090 552 4185 iucarnationis
563 4099 795 4185 Dominicae
810 4090 1029 4184 Millefimo
1051 4103 1285 4213 septingenss

271 4223 399 4316 tesimo
428 4225 729 4348 septuagefimo
759 4250 939 4441 quarto,
972 4226 1123 4316 ofiiavo
1156 4227 1289 4444 {alen-

860 4382 890 4465 4
1190 4380 1233 4444 as
