3409 5117
270 655 274 660 ,
384 552 455 636 226
651 545 983 620 ,mm

331 701 543 809 presumant
557 700 711 812 atquca'
736 699 1234 803 clandestinismatrimonijs
1258 721 1304 783 ut
1322 703 1366 783 sc

332 823 511 901 abstinere
524 821 687 901 studeant
700 819 765 898 sub
782 814 1168 900 excommunicationis
1187 822 1371 923 dralijsin.

333 933 557 1039 processibus
581 935 603 1016 l
624 940 729 1017 nobis
764 954 875 1037 atque
898 932 1211 1033 predecessoribus
1238 941 1367 1016 nostris

334 1055 489 1154 desuper
503 1056 676 1134 emanatis
693 1056 794 1153 penis
812 1052 990 1131 contentis
1008 1054 1083 1127 alta
1100 1051 1135 1126 dr
1153 1049 1367 1154 intelligibi-

333 1174 363 1251 li
387 1194 479 1249 uoce
502 1173 771 1273 diligenterque
795 1165 935 1246 avisare
960 1189 1032 1245 non
1060 1166 1295 1266 postponant,
1324 1188 1366 1242 ne

335 1289 380 1365 de
393 1288 463 1365 hoc
486 1286 731 1389 ignorantiam
749 1285 908 1384 aliquam
926 1279 1063 1384 ,polliut
1084 1285 1271 1385 allegare,
1298 1282 1364 1388 ce·

335 1413 456 1480 terum
473 1421 555 1475 cum
572 1400 739 1497 plerique
755 1399 879 1475 clerici
894 1401 986 1475 adeo
1004 1392 1162 1473 dissoluti
1178 1390 1366 1493 talique&

334 1534 435 1596 tanta
449 1515 597 1622 lascivia
611 1515 732 1597 offelli
746 1517 813 1596 suat
830 1520 928 1617 quod
951 1517 1052 1595 collis
1070 1518 1104 1593 dr
1125 1514 1281 1615 scapulis
1298 1540 1362 1592 nu-

228 1681 239 1696 -·
337 1635 391 1712 dis
407 1632 494 1710 semi
518 1647 583 1709 aut
604 1632 754 1738 prorsus
781 1635 882 1709 nullu
907 1632 1056 1710 collaria
1072 1630 1277 1709 deferentes
1301 1652 1366 1707 nec

302 1768 409 1828 ..non
425 1750 553 1825 calceis
568 1750 729 1827 rostratIs
745 1772 787 1826 ac
802 1750 891 1827 alias
908 1749 945 1826 in
962 1747 1211 1827 indecentibus
1232 1747 1363 1826 habiti·

336 1864 405 1945 bus
422 1867 618 1957 incedere,
641 1866 753 1963 aliqui
780 1866 887 1975 etiam
908 1864 1104 1963 presbiteri
1124 1863 1225 1941 sacra
1246 1863 1363 1942 miffa-

305 2041 308 2045 ,
335 1998 420 2056 rum
438 1973 611 2054 solemnia
634 1974 835 2080 discaligati
860 2000 903 2055 ac
932 1976 1067 2077 apertis
1094 1973 1128 2051 u
1149 1978 1253 2052 nudis
1283 1974 1363 2053 cru·

335 2090 438 2169 ribus
463 2092 652 2169 celebrare
684 2114 757 2167 non
783 2108 960 2168 verentur
987 2091 1023 2166 in
1050 2088 1227 2167 clericalis
1255 2091 1360 2167 slatus

337 2206 626 2307 denigrationem
649 2229 721 2283 non
747 2208 928 2283 modicam
948 2202 1283 2303 scandalumque&
1303 2224 1362 2279 ert-

336 2324 500 2415 emulum
521 2318 762 2421 perniciosum
782 2321 1027 2418 plurimorum
1043 2321 1179 2398 idcirco
1199 2319 1265 2397 sub
1281 2341 1362 2420 pre·
1404 2305 1406 2330 ²

336 2434 441 2514 dictis
457 2435 584 2536 &aliJ’s
600 2436 835 2539 gravioribus
856 2438 964 2515 etiam
983 2437 1187 2537 arbitrarijs
1212 2459 1282 2536 per
1298 2462 1359 2515 nos

335 2549 397 2622 vel
418 2548 595 2626 vicarium
610 2550 777 2626 nostrum·
797 2550 1001 2652 infligendis
1021 2549 1125 2647 penis
1146 2552 1180 2627 dr
1205 2548 1361 2628 censuris

338 2664 496 2741 dillricle
512 2658 739 2758 inhibemus,
777 2690 822 2743 ne
848 2667 1036 2767 quisquam
1060 2669 1277 2747 clericorum
1301 2674 1379 2753 hu.

335 2782 493 2883 jusmodi
511 2786 681 2859 ammodo
698 2782 850 2881 scapulis
873 2788 977 2863 nudis
1001 2806 1065 2865 aut
1091 2784 1178 2863 semi
1206 2787 1360 2884 collerijs

337 2897 397 2971 vel
418 2894 578 2974 rostratis
595 2896 802 2993 hujusmodi
821 2900 1016 2994 incedere,
1043 2900 1128 2997 quin
1146 2920 1272 2999 ymmo
1291 2905 1360 2980 col-

309 3093 314 3106 ,
337 3009 427 3088 lesia
444 3010 586 3111 integra
602 3010 695 3087 colla
713 3009 1053 3111 ipsorumuuquue
1075 3014 1221 3089 noneste
1239 3031 1360 3119 tegen-

279 3150 282 3155 ’
338 3123 388 3200 tia
404 3122 562 3224 aliasque
578 3147 729 3203 coronas
747 3126 817 3205 suis
833 3131 1020 3208 ordinibus
1038 3138 1281 3232 congruentes
1299 3154 1359 3209 nec

327 3228 412 3314 'non
433 3240 647 3318 habitum&
670 3244 783 3321 velles
801 3246 968 3327 decentes
994 3244 1177 3323 brevitate
1196 3266 1271 3323 non
1288 3250 1360 3323 cul-

338 3353 476 3451 pabiles
498 3377 565 3432 nec
586 3372 716 3433 ornatu
743 3354 927 3452 superfluo
948 3356 1124 3435 notabiles
1151 3355 1360 3454 deserendo,

314 3566 318 3576 ἱ
337 3493 456 3569 neque
472 3469 761 3569 presbiterorum
779 3472 909 3571 aliquis
922 3471 1183 3552 sedivinorum
1201 3475 1360 3552 celebra·

338 3588 428 3667 riom
449 3586 513 3667 nist
536 3587 661 3689 caligis
685 3589 744 3664 vel
768 3585 885 3672 l'altim
910 3590 1037 3667 calceis
1055 3588 1288 3685 subularibus
1310 3565 1378 3668 iu'

336 3703 445 3780 dutus
461 3698 697 3802 cruribusque
711 3700 759 3780 sic
782 3702 816 3779 de
835 3704 957 3782 taliter
975 3706 1071 3800 quod
1088 3707 1273 3785 arsemina
1295 3709 1361 3784 cir·

336 3817 588 3895 cumliautium
600 3818 696 3894 nuda
714 3816 833 3918 videri
849 3816 994 3917 possunt
1009 3820 1257 3899 intromittere
1275 3841 1360 3924 quo·

338 3949 411 4033 quo
429 3932 536 4007 niodo
555 3927 775 4030 presumant.
814 3930 1063 4014 certificantes
1085 3932 1151 4008 dte.
1179 3934 1249 4010 dc.
1293 3935 1362 4013 Da·

336 4047 465 4123 tumin
479 4048 630 4126 civitate
647 4047 767 4124 nolira
779 4044 927 4147 spirensi
948 4046 1041 4139 feria
1058 4050 1182 4149 quinta
1199 4053 1282 4150 poli
1291 4055 1363 4136 Du·

337 4158 507 4243 minicam
532 4162 641 4263 Quasi
659 4164 769 4245 modo
793 4163 908 4264 geniti
930 4164 1042 4246 Anno
1066 4163 1142 4254 unt
1166 4167 1363 4249 Millasrmo

1114 4310 1124 4322 ”
1229 4308 1320 4388 qua-
