3409 5117
409 559 480 641 ηε
734 549 1087 648 m,

352 725 531 819 quotenus
547 710 683 790 eisdem
698 712 857 812 Abbati,
881 716 917 795 dc
937 716 1146 797 conventui
1164 718 1383 803 defensionis

348 828 516 936 praefidio
544 825 737 907 iffistentes
767 832 907 909 vocatis
932 836 995 933 qui
1017 835 1156 913 suerint
1183 839 1380 932 evocandi,

348 946 550 1025 exhibeatis
578 942 663 1043 ipss
691 967 777 1025 cunr
803 946 851 1023 ab
883 948 936 1024 eis
961 948 1106 1028 fueritis
1137 953 1306 1051 requisiti
1334 957 1380 1034 de

346 1067 535 1172 predictis
561 1065 840 1165 injuriatoribus
869 1069 1115 1172 cujuscunque
1144 1075 1380 1173 conditionis,

231 1238 234 1243 ·
278 1229 280 1236 ·
347 1193 487 1294 ordinis
499 1186 562 1266 seu
579 1187 766 1291 dignitatis
782 1191 922 1269 exstant
936 1215 1006 1291 per
1019 1195 1119 1274 vion
1132 1194 1262 1294 judicii
1275 1194 1377 1297 jolii·

284 1356 287 1361 ·
344 1320 408 1400 ue
425 1313 1070 1412 complementum,-contrcdiciores
1091 1339 1162 1418 per
1189 1318 1380 1397 censuram

343 1436 617 1524 'ecclefiasticum
631 1435 880 1534 appellatione
891 1438 1088 1538 postpostta
1103 1440 1378 1539 compescendo

325 1568 432 1652 -Non
446 1558 647 1639 obstantesr
666 1557 773 1635 dietis
786 1559 1067 1663 injuriatoribus
1092 1562 1215 1645 dsede
1231 1568 1377 1664 aposto.

341 1687 415 1768 lica
431 1682 615 1760 indultum
628 1679 773 1778 existat,
797 1683 897 1780 quod
917 1682 1104 1776 interdici,
1129 1682 1296 1784 suspendi
1314 1688 1373 1766 vei

342 1798 677 1896 excommunicari,
699 1796 763 1879 seu
778 1819 884 1879 extra
905 1804 966 1878 vel
984 1803 1083 1878 ultro
1099 1821 1201 1880 certa
1226 1802 1309 1879 loca
1328 1804 1374 1883 ud

232 1943 236 1956 ·
341 1922 519 2027 judicium
535 1919 634 1996 trahi
650 1920 888 2018 nonpossint,
911 1940 982 2018 per
997 1921 1138 2000 litteras
1157 1920 1372 2020 apostolicas

340 2066 417 2124 non
429 2036 604 2117 iacientes
617 2038 810 2133 pienum&
828 2021 1109 2137 ermelinae
1129 2038 1177 2113 de
1193 2039 1313 2115 verbo
1328 2041 1372 2120 ed

341 2159 502 2260 uerbum
518 2155 565 2231 de
583 2154 947 2256 indultoltujosmodi
962 2155 1213 2251 mentionem,
1234 2156 1370 2258 dequo·

339 2284 435 2365 libet
443 2276 515 2356 alia
530 2273 639 2352 didiae
651 2273 741 2353 sedis
775 2276 1002 2377 indulgentia
1027 2272 1192 2377 generali
1209 2277 1272 2352 vel
1294 2274 1369 2375 spo

339 2399 424 2487 cicli
437 2391 687 2492 cujuscunque
702 2397 842 2478 tenoris
861 2392 997 2479 existat,
1015 2412 1194 2490 perquam
1212 2391 1369 2492 praesen.

272 2557 275 2574 =
338 2513 441 2591 tibur
459 2532 533 2587 non
549 2506 749 2607 expressam
767 2511 826 2588 vel
848 2509 1014 2588 totaliter
1027 2530 1102 2585 non
1118 2503 1291 2587 insertam
1306 2515 1369 2591 ve·
1389 2576 1391 2579 Α

337 2632 424 2712 sirae
443 2623 706 2726 iurisdiiiiunis
724 2627 922 2726 explicatio
948 2626 1093 2721 valeat,
1122 2623 1161 2699 in
1176 2623 1247 2712 hcc
1263 2645 1368 2726 perte

338 2744 620 2854 quomodolibet
631 2746 827 2847 impediri,
850 2772 934 2849 quae
954 2748 1093 2847 quoad
1116 2744 1187 2824 hoc
1202 2745 1287 2844 ipsis
1303 2773 1365 2829 no·

335 2859 461 2972 lomus
474 2864 702 2967 aliquatenus
713 2861 922 2969 suffragari.
983 2864 1095 2966 Quod
1110 2861 1223 2941 srnon
1241 2888 1373 2953 omnes,

335 2985 394 3090 iris¹
408 2975 630 3081 exequendis
645 2983 838 3079 potueritis
848 2978 1014 3062 interesse
1030 2982 1107 3058 duo
1120 2987 1186 3059 out
1199 3005 1363 3061 unusve·

334 3102 450 3183 sirum
473 3122 518 3179 ee
543 3100 782 3180 nihilominus
809 3116 1025 3202 exequatur.
1090 3095 1231 3177 Datum
1254 3102 1365 3180 Ronm

333 3220 436 3328 epod
450 3215 624 3297 Sannum
637 3219 797 3317 Porum,
822 3211 1212 3302 Annolncornutiouis
1233 3221 1360 3299 Domi·

332 3328 426 3424 tricaev
446 3339 644 3419 Millesimo
670 3343 962 3448 quingentenum
982 3340 1153 3419 vicefimo
1181 3335 1286 3421 sexto
1305 3342 1361 3423 Kl.
1406 3383 1408 3410 =

331 3458 477 3561 Aprilis
493 3459 726 3543 Pontiiimtus
740 3464 986 3559 nominum
1001 3455 1150 3539 oilavo.
1230 3525 1234 3542 ,
