3409 5117
465 568 540 628 aro
799 544 1071 607 m

415 726 517 792 uum
534 704 879 807 &predecessorum
892 709 1099 787 nostrorum
1118 701 1281 790 salubria
1303 702 1448 780 manda·

415 843 455 904 ta
473 823 786 920 provincialiaque
799 822 834 896 dr
848 821 1023 898 sinodalia
1038 821 1198 895 instituta
1213 818 1358 893 dudum
1376 817 1445 891 edi

415 942 571 1020 tabinos
596 937 780 1038 processus
799 940 996 1040 Synodales
1017 935 1062 1011 de
1085 935 1120 1012 dr
1144 934 1255 1031 super
1278 933 1449 1013 concubi-

415 1074 524 1136 natus
546 1054 806 1132 incontinentle
844 1077 888 1130 ac
911 1052 1207 1130 tabernariorum
1244 1048 1450 1126 officiorum

377 1157 381 1170 ⁸
415 1178 589 1254 ludorum
606 1173 817 1248 illicitorum
838 1173 1070 1268 aliorumque
1090 1170 1270 1244 vitiorum
1285 1166 1449 1263 pravior·

415 1292 515 1367 tibus
533 1284 681 1383 prorsus
698 1285 853 1361 vitandis
868 1286 902 1359 dr
920 1284 1144 1380 extirpandis
1161 1298 1273 1379 atque
1293 1279 1447 1356 honestis

416 1399 679 1489 &decentibus
695 1405 861 1492 moribus
880 1406 1013 1503 quibus
1035 1401 1190 1479 debono
1209 1401 1247 1481 iu
1267 1399 1447 1480 melius&
1483 1381 1485 1402 Ι

414 1530 561 1609 tandem
571 1525 619 1600 ad
633 1537 758 1599 eterne
772 1521 894 1598 salutis
911 1523 1040 1599 statum
1058 1521 1253 1598 devenitur
1269 1518 1445 1597 assumen-

417 1652 473 1728 dis
501 1638 754 1740 nonnullisque
773 1644 852 1742 alijs
874 1642 1146 1740 frequentandis
1170 1642 1205 1717 dr
1232 1643 1441 1722 exercendis
1483 1662 1485 1678 ·

383 1787 385 1792 ·
416 1766 528 1841 etiam
552 1756 617 1835 sub
640 1757 748 1835 certis
775 1756 1068 1856 formidabilium
1090 1754 1328 1834 censurarum
1349 1758 1446 1856 penis

414 1880 625 1982 aliasque&
641 1879 713 1956 alia
725 1877 951 1957 emiserimus
969 1878 1163 1958 fecerimus
1187 1872 1222 1954 dr
1245 1878 1443 1984 lieribman·

414 2001 624 2086 daverimu's
642 1988 755 2094 p'rout
781 1995 818 2072 in
845 1997 982 2074 eisdem
1008 1994 1233 2095 processibus
1244 1995 1362 2073 -vobis¹
1383 1983 1443 2095 pa·

414 2115 489 2203 lam
504 2112 698 2211 publicatis
714 2111 821 2188 latius
836 2108 1059 2210 conspicitur
1076 2111 1275 2205 contineri,
1301 2113 1382 2188 illis·
1393 2128 1444 2222 τις

413 2245 499 2311 nr'en
514 2230 611 2327 apud
623 2226 871 2329 plerosqueex
885 2232 990 2309 vobis
1010 2253 1118 2307 aures
1137 2226 1220 2305 suos
1232 2231 1280 2303 ad
1297 2234 1444 2332 modum

412 2346 545 2445 aspidis
572 2342 679 2421 surde
706 2369 752 2436 ne
777 2369 907 2425 vocem
937 2349 1062 2425 audiat
1090 2346 1443 2423 incanmntis³obdu·

413 2484 536 2547 rantes
554 2466 663 2542 nichil
684 2485 750 2542 aut
767 2491 899 2566 parum
926 2466 1151 2567 profecimus
1178 2459 1306 2565 tepida
1326 2464 1444 2544 forsan

413 2603 593 2681 penarum
611 2577 863 2676 predictarum
881 2585 970 2660 inibi
990 2584 1026 2660 in
1043 2584 1365 2661 contravenientes
1379 2583 1440 2659 atl-

412 2697 594 2799 jedlarum
610 2698 824 2773 executione
839 2699 1023 2798 causante,
1048 2724 1094 2776 ue
1111 2702 1227 2800 igitur
1245 2722 1313 2777 nos
1329 2701 1442 2803 negli-

365 2836 371 2844 ·
411 2817 536 2919 gentie
551 2816 643 2891 vitio
658 2821 808 2918 gravius
826 2822 909 2896 inde
924 2820 971 2895 ab
993 2819 1161 2897 altiffimo
1180 2817 1388 2916 iudicemur
1400 2843 1443 2897 ert

412 2949 510 3004 nunc
527 2927 684 3002 inantea
707 2929 909 3008 studiofiori
935 2928 1166 3009 solicitudine
1192 2934 1385 3011 attendere
1408 2930 1441 3008 se

411 3045 550 3126 nedum
584 3042 659 3121 fola
692 3044 901 3147 hujusmodi
936 3049 1157 3125 delictorum
1190 3051 1442 3146 prohibitione

413 3162 619 3238 contentari
650 3160 773 3239 sedet
798 3187 909 3261 penas
945 3164 1238 3260 delinquentibus
1257 3166 1442 3264 impositas

413 3282 547 3359 edubie
566 3317 569 3341 =
587 3286 720 3382 exequi
765 3283 934 3384 ipsosque
975 3280 1224 3383 delinquentes
1245 3289 1443 3390 condigne

412 3405 666 3483 emendatione
680 3429 726 3483 ne
739 3407 818 3500 alijs
841 3408 970 3483 similia
990 3406 1147 3486 faciendi
1171 3407 1271 3482 viam
1298 3424 1442 3506 parcnt,

411 3525 602 3624 corrigere
624 3526 854 3601 decrevimus
883 3524 918 3599 dr
946 3528 1129 3605 voluimus
1144 3555 1168 3615 ,¹
1191 3547 1442 3626 qua-propter

413 3643 540 3721 omnes¹
556 3644 590 3718 dr
604 3639 761 3747 lingdlos
772 3642 998 3741 supradislos
1013 3646 1355 3741 processusnostros
1371 3670 1441 3728 uuo

250 3862 255 3873 Ι
301 3851 303 3856 ,
412 3783 495 3838 curn
515 3759 683 3834 omnibus
701 3759 735 3835 ἅ
755 3761 903 3859 siugulis
924 3760 1141 3849 srnodalibus
1167 3764 1208 3857 de¹
1228 3764 1309 3859 aliis
1334 3764 1442 3840 statii·

411 3875 458 3951 tis
473 3896 517 3948 ac
537 3872 715 3948 mandatis
734 3873 908 3966 pretadlis
932 3890 1061 3954 tenore
1081 3872 1307 3971 presentium
1338 3898 1442 3973 repes

412 3991 521 4066 timus
540 3987 573 4063 dr
589 3988 830 4080 innovamus,
854 3985 1060 4083 illosque&
1083 3990 1147 4068 illa
1168 3992 1204 4066 in
1221 3990 1444 4070 omnibus&

410 4121 480 4205 per
508 4104 693 4181 omnia‘dr
724 4105 900 4199 precipue
924 4107 969 4180 de
987 4108 1375 4204 concubinatusvitio
1402 4118 1444 4186 a'c

410 4219 618 4318 mercantijs
641 4219 677 4298 de
699 4218 1010 4320 negotiationibus
1030 4217 1266 4328 secularibus
1282 4222 1444 4322 ,aliisque

853 4367 882 4388 ¹·
1183 4411 1209 4424 ..
1237 4411 1268 4425 ..
1303 4360 1391 4440 pru·
1419 4417 1423 4422 .

1482 4199 1485 4214 l
