3409 5117
769 417 1081 516 *W*
1292 464 1363 537 3¹1

316 650 319 702 ς
386 606 472 682 dem
487 604 524 683 dr
537 602 639 682 reste
655 603 881 685 ciaudnntnr
896 606 931 681 dt
948 605 1058 684 ambo
1075 604 1226 687 brachia
1246 607 1327 688 satis
1351 608 1422 686 ho·

315 751 322 822 3
385 721 485 799 ueste
502 741 570 817 per
585 718 670 794 bina
686 717 870 794 foramina
887 722 1174 816 protenduntur,
1199 718 1259 798 sed
1272 719 1421 798 lumba·

315 911 322 923 ,
384 835 521 914 fiotum
546 836 689 919 monice
711 834 818 911 nimis
841 851 969 932 patent
994 838 1097 914 hiant
1121 835 1303 924 &dissute
1322 838 1418 928 suut,

315 1003 318 1054 3
385 971 432 1026 ex
450 948 583 1047 quibus
601 950 751 1026 detediis
774 946 810 1024 dr
826 951 963 1045 apertis
979 974 1052 1029 non
1069 952 1178 1029 aliter
1196 947 1305 1049 q'nam
1321 949 1346 1026 ss
1361 946 1419 1024 fe·

383 1062 569 1138 minarum
593 1062 709 1136 vestes
726 1059 838 1137 essent
861 1063 1022 1159 pendent
1039 1079 1150 1163 atque
1164 1062 1335 1142 diffluunt
1358 1085 1418 1140 ct-

383 1168 579 1248 misearnm
594 1172 735 1248 monice
758 1171 842 1247 albe
867 1172 903 1247 dr
922 1172 1059 1271 nitide,
1093 1179 1191 1253 unde
1209 1199 1317 1256 nemo
1342 1191 1418 1251 nou

383 1285 501 1383 potest
515 1285 666 1381 planum
681 1284 841 1362 levitatis
858 1284 895 1360 dr
910 1283 1056 1364 lascivio
1070 1287 1209 1390 sgnum
1225 1289 1417 1367 attendere

382 1398 418 1472 dr
435 1396 558 1493 palam
581 1417 691 1497 quam
714 1391 910 1472 mulierose
931 1396 969 1474 in
991 1400 1170 1477 animuin
1195 1397 1419 1499 operosum
1464 1479 1469 1489 ,

382 1512 494 1585 domo
512 1506 580 1586 srut
604 1530 673 1606 per
688 1506 754 1583 has
781 1508 935 1586 vestiunt
957 1508 1112 1607 ineptias
1137 1512 1321 1609 judicare,
1350 1532 1419 1587 nc-

381 1646 456 1721 que
476 1643 654 1708 verentur
681 1622 848 1700 stultitias
870 1620 950 1700 suas
975 1647 1064 1722 quas
1090 1630 1274 1709 occultare
1303 1625 1418 1703 debe·

380 1750 466 1811 rent
481 1732 628 1831 publice
651 1732 689 1808 in
712 1732 933 1812 vestimentis
956 1731 1026 1808 suis
1046 1736 1214 1834 profiteri
1229 1736 1285 1829 d,
1309 1751 1351 1813 ut
1376 1733 1417 1812 in

380 1848 587 1946 proverbio
604 1848 669 1945 est,
692 1848 900 1938 fatuitatem
916 1846 1016 1928 suam
1032 1847 1131 1948 quast
1148 1831 1337 1946 inscriptis
1351 1851 1417 1928 da·
1461 1839 1466 1854 '

378 1983 443 2055 re,
467 1963 682 2059 cumatius,
710 1964 809 2059 quod
833 1964 997 2039 dolentes
1013 1961 1231 2057 referimus,
1253 1982 1327 2040 nun
1348 1958 1415 2036 uui

377 2072 597 2161 tantumsed
618 2078 758 2158 cunetis
782 2077 1069 2182 circumquaque
1091 2074 1341 2157 habitantibus
1358 2071 1416 2152 sa·

377 2193 424 2276 tis
438 2188 620 2289 supraque
635 2187 718 2267 satis
735 2189 969 2289 perspectum
986 2187 1028 2266 srt
1044 2208 1135 2295 quot
1151 2189 1310 2267 habeant
1328 2210 1417 2289 gro·

379 2314 519 2399 dientes
532 2309 629 2396 circa
642 2308 768 2396 focum
795 2312 942 2409 qualem
960 2312 1145 2392 dominam
1158 2305 1323 2410 preciose
1345 2331 1416 2386 nu·

377 2433 494 2509 triant
512 2425 670 2528 dtquam
695 2448 812 2529 grave
826 2426 1014 2504 servitutis
1031 2426 1162 2530 jugum
1177 2440 1333 2524 propter
1347 2446 1413 2501 ert·

376 2541 550 2645 piendam
577 2537 764 2619 libidinem
795 2534 899 2615 suam
924 2535 1174 2634 patiantur&
1203 2534 1414 2632 sustineant,

375 2675 463 2734 cum
476 2665 599 2732 autern
614 2650 763 2726 vestitus
780 2647 1011 2731 sacerdotum
1023 2673 1097 2727 noo
1111 2648 1243 2730 debeat
1261 2646 1331 2728 effe
1348 2672 1414 2727 ne·

321 2749 327 2796 ·“
377 2787 450 2865 que
469 2761 577 2842 nimis
597 2757 763 2841 sordidus
783 2761 867 2837 vilis
893 2759 930 2842 dr
951 2761 1139 2859 abjectus,
1159 2782 1279 2859 neque
1304 2760 1413 2837 nimis

373 2875 585 2984 splendidus
606 2872 825 2956 &secularis
848 2875 1006 2973 ideoque
1029 2873 1164 2956 eisdem
1185 2875 1356 2953 mandato
1376 2875 1415 2956 dr

322 3069 324 3076 .
374 2993 602 3075 distridiione
615 2993 856 3091 precipimur,
880 3014 926 3068 ne
944 2990 1146 3070 sacerdotes
1161 2992 1337 3092 precipue
1355 2994 1414 3070 in·

373 3126 435 3191 ter
449 3107 709 3189 celebrandum
724 3103 924 3206 discaligati
942 3102 978 3181 dr
996 3103 1073 3183 five
1089 3107 1200 3209 longa
1220 3107 1254 3182 dr
1278 3104 1414 3186 thalari

373 3223 502 3305 runica
515 3222 553 3300 in
568 3220 759 3322 publicum
779 3220 942 3312 veniant,
957 3242 1040 3300 curn
1055 3221 1136 3301 talis
1155 3222 1307 3302 rusticus
1324 3237 1411 3320 ymo

316 3327 327 3448 i
374 3339 518 3427 serious
534 3333 685 3423 incessus
705 3331 909 3418 nonsolnru
925 3338 1219 3433 presbiterorum
1238 3335 1300 3415 sed
1319 3358 1413 3433 qno-

373 3452 554 3538 rumlibet
571 3454 681 3532 etiam
701 3456 872 3536 virorum
887 3456 1091 3534 maturitati
1113 3451 1322 3558 deroget&
1342 3453 1412 3526 ho·

320 3605 325 3646 :-
372 3570 457 3652 nori
471 3567 774 3667 pretereabireta
790 3568 911 3645 aurita
925 3566 1124 3652 streames
1141 3574 1204 3665 (nt
1223 3567 1338 3664 vulgo
1352 3562 1408 3636 di.

319 3665 329 3698 *
373 3675 490 3777 uitur)
512 3679 692 3758 hubencia
716 3704 787 3781 que
812 3682 1000 3759 curiositas
1028 3684 1235 3766 novitatum
1262 3676 1407 3773 semper

370 3791 534 3874 amatrix
551 3812 670 3889 nuper
685 3793 827 3871 invenit
844 3791 960 3873 desub
981 3791 1099 3892 specie
1119 3792 1280 3871 sanitaris
1301 3791 1409 3870 utilia

370 3904 442 3986 esse
460 3901 660 4004 persuasit,
691 3906 813 3982 nullus
842 3906 1063 3986 clericorum
1089 3911 1299 3984 nostrorum
1323 3926 1412 4001 pre·

365 4013 494 4097 sertim
509 4016 549 4096 iu
571 4018 687 4098 choro
704 4016 740 4094 dt
755 4015 856 4095 misso
873 4018 1016 4097 deferat
1029 4039 1093 4095 aut
1109 4021 1159 4095 eis
1187 4020 1307 4116 palam
1331 4031 1413 4118 nta7

327 4199 330 4206 .
368 4144 445 4233 tur,
470 4129 631 4232 denique
651 4143 692 4209 ut
706 4130 882 4212 omues&
909 4131 1227 4237 finguliqoicquio
1241 4132 1279 4207 in
1302 4127 1412 4203 vesti«

841 4243 878 4319 U
903 4266 928 4339 4
1312 4256 1359 4317 tu
