3409 5117
354 723 434 787 tum
448 708 616 788 &adium
632 712 669 788 in
684 690 815 788 Castro*
827 710 949 787 nostro
965 709 1164 787 Grunbaclt
1184 712 1281 791 seria
1308 730 1380 798 ter·

352 832 405 908 tia
423 826 553 928 pasche
571 833 683 909 Anno
706 831 859 907 Domini
873 829 1070 910 Millesrmo
1093 834 1379 940 quadringente·

217 999 249 1036 ·.
352 947 441 1027 snno
457 948 704 1054 oiiuagestmo
717 951 851 1047 primo.
909 963 913 970 ’

637 1505 829 1602 ruat-unt.
884 1475 1084 1599 Lxxlts.

347 1704 594 1888 Ludovicos
625 1701 698 1781 Dei
727 1706 847 1807 gratia
880 1703 1078 1803 Episcopus
1112 1705 1279 1806 spirensis
1307 1706 1370 1783 oe.

217 1886 219 1893 ,
441 1822 603 1897 obedire.
654 1820 841 1897 Pastoralis
860 1820 968 1917 officii
1001 1845 1074 1921 quo
1096 1824 1181 1900 licet
1199 1822 1372 1900 immeriti

246 1941 249 1948 “
279 1992 284 1999 .
347 1936 472 2014 divina
497 1935 736 2014 sublimamur
755 1938 895 2039 gratia,
931 1938 1137 2042 benignitas
1154 1962 1219 2017 nos
1242 1939 1370 2017 sollici-

346 2067 400 2135 tat
415 2051 620 2150 &requirit
635 2064 677 2127 ut
692 2048 937 2150 lubjeuorum
955 2057 1162 2136 nostrorum
1177 2078 1301 2134 mores
1314 2075 1370 2133 re-

343 2180 538 2259 formando
553 2179 760 2256 animarum
784 2181 984 2258 eorundem
1009 2179 1114 2257 saluti
1136 2183 1372 2280 quantumin

343 2305 447 2383 nobis
463 2301 560 2379 soret
574 2302 763 2404 provideri
786 2299 1030 2377 sollicitudine
1051 2323 1294 2398 procuremus
1316 2303 1368 2379 itr-

333 2418 492 2514 defessa,
515 2420 746 2495 meminimus
774 2419 948 2515 siquidem
973 2440 1038 2496 uos
1058 2421 1228 2518 proxima
1248 2422 1371 2500 celeb·

341 2557 422 2642 rata
440 2535 564 2612 stnodo
583 2535 705 2610 omnia
729 2533 765 2609 dr
790 2532 930 2633 singula
954 2528 1254 2631 provincialia&
1277 2539 1366 2617 fino-

274 2716 276 2720 .
343 2652 437 2725 dalia
453 2645 612 2722 instituta
636 2662 745 2743 atque
762 2649 932 2720 mandata
956 2669 1029 2721 non
1053 2664 1227 2727 revocata
1249 2670 1367 2728 retro·

342 2770 431 2847 aslis
445 2761 672 2863 temporibus
686 2782 709 2835 a
724 2761 829 2837 nobis
845 2784 889 2838 ac
904 2758 1217 2859 predecessoribus
1237 2769 1366 2846 nostris

342 2887 618 2993 quomodolibet
640 2897 806 2959 emanata
829 2883 1027 2959 dummodo
1055 2880 1121 2957 ilbi
1146 2884 1305 2966 invicem
1332 2888 1366 2966 dt

341 3012 516 3109 precipue
532 3005 659 3088 nostris
676 3000 898 3100 processibus
915 3024 987 3080 non
1010 3006 1286 3086 contrarientnr
1300 3032 1368 3109 per

324 3138 411 3209 'vos
429 3153 553 3210 omnes
576 3130 609 3203 dr
629 3126 788 3227 fingulos
806 3125 843 3203 in
864 3143 1040 3225 quantum
1064 3148 1365 3231 unumquemque

339 3253 500 3330 vestrum
510 3268 730 3326 concernere
748 3247 965 3355 viderentur
978 3239 1295 3334 inviolabiliter&
1311 3254 1364 3329 in-

340 3370 511 3454 concusse‘
527 3368 592 3445 sub
614 3369 714 3463 penis
739 3364 922 3463 sententiis
946 3363 1163 3443 &censuris
1187 3370 1278 3445 inibi
1302 3394 1364 3447 ex·

337 3492 463 3596 preliis
487 3489 589 3588 juxta
616 3490 816 3565 eorundem
845 3488 921 3565 vim
946 3487 1162 3565 formam&
1194 3508 1363 3569 tenorem

337 3614 560 3723 generaliter
588 3609 776 3690 observari
804 3610 1030 3689 demandasse
1059 3626 1162 3690 certo
1196 3612 1362 3731 processu

337 3738 493 3837 desuper
512 3755 580 3834 per
594 3754 659 3807 nos
680 3736 826 3809 decreto
843 3733 880 3810 in
898 3729 1097 3830 easdemque
1114 3733 1238 3809 sinodo
1258 3754 1362 3811 more

334 3855 441 3937 solito
452 3854 548 3934 reem
559 3871 668 3952 atque
680 3853 880 3952 publicato,
902 3874 985 3929 cum
1001 3852 1115 3954 igitur
1131 3852 1249 3951 magis
1265 3855 1361 3950 quod

335 3971 540 4071 specialiter
564 3994 673 4068 quam
702 3971 802 4067 quod
824 3970 1050 4071 generaliter
1072 3966 1293 4064 prohibetur
1316 3969 1361 4044 ti·

261 4112 264 4116 ·
333 4087 429 4164 meri
446 4084 606 4161 vitarive
621 4081 724 4175 solet,
751 4085 905 4159 eundem
921 4079 1126 4181 processum
1142 4078 1293 4157 minime
1307 4083 1361 4182 iu·

334 4206 529 4287 validendo
552 4203 613 4285 sed
642 4202 870 4304 presentibus
895 4203 1170 4314 corroborando
1196 4200 1231 4276 dr
1254 4221 1362 4297 repe·

397 4323 399 4329 ’
579 4345 582 4352 ’
945 4344 948 4348 ·
1198 4323 1314 4403 tendo
