3409 5117
398 560 465 638 308
504 504 506 510 Ι
722 544 993 608 m

343 714 475 792 vitares
493 707 644 786 inclero
657 707 762 786 nobis
787 703 952 803 sobieslo
971 701 1078 784 suili'e
1100 716 1250 783 exortes
1275 717 1372 784 certe

343 833 523 911 relatione
540 826 743 913 didicimus,
758 823 931 901 nefandas
948 826 1105 923 denique
1124 824 1371 915 impudicitias

332 943 438 1022 ritus
456 940 492 1016 dr
513 938 704 1016 abusiones
725 937 986 1015 intollerabiles
1012 940 1093 1015 Deo
1116 935 1299 1032 sacrisque
1315 958 1372 1013 ca·

344 1054 501 1134 monibus
524 1049 686 1148 odiosos,
709 1052 801 1127 adeo
822 1050 969 1149 quidem
993 1053 1091 1149 quod
1111 1051 1226 1148 aliqui
1251 1074 1299 1127 ex
1322 1051 1373 1127 eis

345 1192 419 1247 uon
435 1180 576 1262 tentum
594 1162 793 1262 impudicas
815 1162 988 1239 mulieres
1006 1165 1050 1240 de
1079 1161 1374 1252 fornicatione&

344 1279 494 1359 luxuria
510 1276 748 1354 vehementer
769 1270 950 1369 suspeuos
965 1270 1035 1351 suis
1052 1274 1089 1353 in
1106 1275 1234 1355 edibus
1251 1276 1375 1373 publi·

347 1414 390 1470 ee
406 1390 451 1467 de
460 1386 560 1489 jhesu
575 1388 697 1466 chrilli
709 1386 930 1486 patrimonio
946 1385 1090 1475 fovere,
1109 1410 1241 1465 verum
1259 1388 1374 1468 eciam

345 1504 486 1584 easdem
503 1505 662 1581 vestibus
678 1504 796 1600 peplis
810 1500 1012 1603 ceterisque
1038 1505 1226 1582 omatibus
1249 1520 1375 1603 preter

245 1685 248 1694 .
346 1624 498 1704 modum
519 1615 713 1715 splendidis
736 1614 1015 1711 &pretiosum
1038 1619 1234 1695 mulierum
1261 1620 1374 1694 hone·

272 1721 277 1736 ‘
347 1737 482 1816 starum
499 1735 654 1810 dedecus
672 1731 707 1806 dr
722 1747 972 1827 contemptum
992 1756 1171 1814 exornare
1186 1736 1373 1826 videntur,

350 1878 422 1956 que
438 1874 511 1928 non
535 1867 677 1929 tontum
696 1850 800 1929 llatui
825 1852 1058 1950 ecclefiastico
1079 1855 1376 1954 prejudicium&

347 1967 560 2049 scandalum
591 1989 720 2044 verum
747 1968 946 2064 perniciem
973 1966 1107 2068 afferte
1132 1970 1375 2066 comproban-

348 2106 424 2176 tur,
451 2084 485 2159 ἀ
510 2083 624 2160 ceteri
644 2086 798 2183 denique
823 2084 947 2162 clerici
980 2087 1173 2165 honestatis
1191 2108 1373 2166 amatores

348 2194 593 2298 &probitatis
607 2195 736 2272 divinis
753 2195 884 2292 ¹officijs
902 2196 1011 2274 etiam
1028 2201 1162 2275 devote
1179 2200 1375 2300 invigilan-

304 2366 306 2370 ‚
350 2324 402 2385 tes
422 2301 567 2401 seseque
586 2302 746 2380 clericali
768 2303 859 2380 stato
882 2305 1055 2382 decenter
1080 2323 1250 2405 regentes
1269 2311 1374 2405 plura

349 2417 580 2497 incommoda
611 2416 773 2513 quotidie
804 2414 1071 2515 persecutiones
1110 2421 1145 2493 dr
1175 2420 1376 2517 obprobria

350 2555 398 2612 err
414 2533 484 2607 boc
498 2526 632 2627 absque
654 2529 764 2626 culpa
787 2526 847 2603 seu
866 2531 1044 2607 demerito
1063 2532 1222 2610 tolerare
1236 2554 1373 2633 cogun-

350 2664 426 2740 tur,
453 2650 581 2741 dequo
600 2644 673 2720 heu
694 2645 894 2741 plurimum
913 2647 1092 2743 dolemus,
1116 2645 1374 2753 insuperdralij

350 2766 486 2846 milites
502 2761 625 2837 christi
641 2784 712 2838 non
728 2762 808 2839 Deo
827 2760 887 2839 sed
904 2764 1076 2843 fludlibus
1096 2761 1204 2842 secoli
1220 2768 1375 2843 militan-

350 2896 405 2959 tes
429 2879 564 2977 quique
591 2893 632 2955 ut
656 2878 807 2956 liberius
831 2883 951 2957 ventri
976 2882 1167 2985 indulgere
1181 2880 1313 2978 polsmt
1334 2883 1375 2961 de

351 2990 666 3094 negociationibus
699 2994 733 3071 dr
767 2995 974 3093 mercantijs
1010 2993 1082 3071 sese
1115 2998 1375 3093 intromittunt,

321 3133 324 3144 ²
351 3122 460 3199 blada
475 3119 561 3193 vina
580 3117 788 3216 ceterasque
806 3142 865 3197 res
883 3119 1036 3196 emendo
1048 3120 1089 3193 dr
1109 3120 1144 3196 in
1165 3122 1376 3220 eademspe·

352 3238 406 3319 cie
424 3236 621 3311 vendentes
638 3256 710 3309 non
731 3236 777 3310 ob
803 3257 931 3313 eorum
951 3235 1191 3313 necessitatem
1210 3262 1254 3317 ac
1274 3239 1377 3317 usum

243 3363 246 3368 ’
326 3341 330 3348 ’
352 3358 604 3460 quotidianum
625 3355 686 3434 sed
710 3375 751 3433 ut
776 3358 1014 3455 turpissimam
1035 3358 1292 3461 negotiationis
1317 3388 1378 3463 pe.

228 3522 237 3532 a
351 3477 442 3555 stem
461 3468 566 3547 causa
592 3473 685 3548 lucri
709 3492 904 3551 exerceant
925 3491 1051 3551 contra
1068 3475 1253 3553 sacrorum
1271 3503 1378 3555 cano·

351 3610 439 3665 uum
460 3584 751 3676 constitutiones,
792 3588 861 3664 hec
881 3588 1003 3685 iraque
1032 3589 1126 3664 vicia
1147 3590 1317 3687 deinceps
1338 3616 1378 3671 oc

350 3707 424 3786 alia
438 3703 598 3781 clericali
617 3704 721 3781 statui
739 3708 942 3784 indecentia
958 3709 1137 3807 condigna
1154 3713 1378 3786 emendatio·

352 3845 398 3901 ne
411 3841 555 3915 perros
571 3838 635 3895 aut
652 3824 815 3901 nostrum
832 3822 987 3919 desuper
1000 3825 1037 3899 in
1054 3823 1303 3920 spiritualibus
1319 3832 1378 3907 de·

351 3938 553 4041 putandum
575 3936 754 4017 vicarium
776 3957 948 4038 quantum
964 3938 1154 4036 possumus
1176 3963 1379 4038 precavere

351 4046 572 4129 studebimus
598 4056 807 4133 mandantes
840 4078 936 4142 nunc
965 4057 1134 4131 omnibus
1164 4056 1198 4131 dc
1230 4058 1378 4162 fingulis

303 4259 305 4264 Ι
351 4166 491 4245 clericis
510 4165 629 4245 nostre
652 4167 781 4246 ditioni
809 4164 978 4267 subjectis
997 4163 1064 4246 sub
1086 4176 1400 4260 excommunica-¹

1255 4284 1329 4357 tio·
