3409 5117
724 578 1100 645 Μ’
1244 608 1315 685 aot

330 754 424 815 rum
446 756 520 813 una
537 732 597 808 uel
615 734 687 814 due
710 736 865 836 persone
880 738 1083 841 eligentur,
1103 746 1240 844 quelle
1259 751 1368 832 eleut
1424 761 1427 766 ‘
1460 746 1467 757 ’

334 876 520 933 unacum
549 854 760 935 Abbatibus
783 860 1087 946 monasteriorum
1113 868 1366 961 predidlorum

341 971 588 1047 convenirent
607 973 819 1052 ordinarent
846 974 881 1050 dr
902 978 1187 1058 determinarent
1208 986 1366 1081 qualiter
1420 983 1423 988 ’

340 1079 553 1183 hujusmodi
578 1090 785 1189 gravamini
810 1089 912 1167 soret
934 1089 1180 1185 obviandum,
1206 1119 1364 1194 quorum

339 1201 457 1278 eciam
479 1201 539 1280 seu
570 1207 717 1306 majoris
748 1209 863 1307 partis
895 1213 1096 1287 eorundem
1138 1213 1376 1320 ordinacioni¹

337 1312 545 1394 discullioni
576 1317 613 1396 de
649 1317 949 1399 detkrminacloni
975 1324 1099 1421 pareri
1131 1326 1282 1405 deberet
1314 1328 1363 1405 ab

339 1433 550 1531 ecclesrjs&
574 1437 751 1537 Capitulis
772 1436 978 1518 antedislis.
1027 1441 1074 1515 Et
1100 1438 1128 1518 fi
1154 1442 1252 1541 inter
1274 1447 1384 1537 duas„

343 1553 523 1652 pluresve
545 1554 715 1653 personas
731 1558 839 1634 unius
865 1553 1024 1659 Collegij
1046 1560 1108 1633 vel
1132 1558 1363 1647 diversorum

337 1668 448 1761 rixa,
473 1666 649 1747 discordia
673 1674 734 1748 vel
771 1670 960 1749 contencio
984 1670 1214 1753 suboriretur
1236 1678 1271 1755 de
1295 1704 1363 1779 per

336 1784 504 1882 prelatos
531 1782 693 1883 ipsorum
715 1791 762 1864 ad
791 1808 881 1885 quos
903 1788 941 1862 id
965 1788 1145 1885 pertinet,
1171 1812 1244 1888 pax
1268 1796 1368 1886 inter

337 1921 404 1979 eos
427 1922 498 1976 non
537 1900 839 1996 reformaretur,
871 1898 1025 1997 persone
1049 1901 1096 1977 src
1136 1906 1251 1985 eledle
1273 1935 1361 2010 quas

335 2016 567 2098 Diffinitores
592 2021 892 2116 nominaverunt,
915 2016 964 2096 stc
986 2019 1146 2099 rixantes
1170 2031 1239 2121 per
1262 2030 1361 2109 viam

335 2136 542 2215 amicabilis
557 2134 830 2235 composicionis
850 2136 993 2213 studere
1009 2136 1183 2213 deberent
1200 2141 1362 2237 compla-

337 2277 453 2345 nare,
485 2253 677 2331 statuentes
711 2250 1027 2330 nichilominus&
1058 2229 1251 2330 bonande
1278 2256 1361 2333 loco
1462 2291 1480 2340 s

336 2355 482 2465 prestiti
504 2363 697 2459 juramenti
723 2361 1061 2459 compromittentes
1086 2384 1157 2459 pro
1179 2360 1221 2440 se·
1238 2364 1273 2439 dl
1289 2365 1361 2447 suia

334 2476 622 2574 successoribus,
641 2475 740 2574 quod
758 2473 783 2549 st
805 2472 976 2570 quepiam
992 2470 1230 2586 personarum
1246 2478 1361 2558 dida.

335 2598 425 2679 rum
447 2597 650 2673 nollrarum
673 2591 907 2672 ecclesiarum
926 2590 961 2667 de
978 2591 1277 2672 monasteriorum
1298 2618 1359 2675 oc·

335 2712 483 2791 cadone
514 2706 621 2809 hujus
654 2703 992 2788 coadunacionis&
1023 2702 1200 2785 societatis
1218 2726 1361 2791 ⁴contra
1473 2750 1481 2766 ·

335 2813 517 2925 justiciam
537 2843 695 2925 gravam
717 2820 966 2921 contingerit,
991 2824 1089 2917 quod
1106 2824 1227 2901 nostra
1247 2821 1361 2904 socia·
1443 2900 1447 2908 ,

335 2947 386 3025 lis
415 2939 631 3022 coherencia
653 2938 692 3014 in
714 2934 777 3012 sua
798 2932 1025 3011 continencia
1047 2936 1293 3033 perduraret,
1307 2940 1360 3021 ita

335 3054 441 3153 quod
461 3063 617 3154 graumo
635 3045 697 3125 scu
716 3040 880 3147 gravmis
894 3038 1102 3145 hujusmodi
1122 3059 1250 3121 contra
1273 3069 1359 3145 gra.

332 3178 489 3243 vantem
521 3176 775 3258 quemcunque
804 3151 905 3228 omni
928 3150 1000 3229 lide
1024 3150 1061 3226 dc
1095 3151 1180 3228 totis
1215 3152 1363 3277 viribus·

336 3294 380 3374 in
405 3288 496 3387 iuris
520 3281 576 3360 sui
608 3275 867 3379 prosecutione
888 3268 1045 3352 fideliter
1066 3274 1222 3353 allillere
1248 3280 1358 3359 debe.
1395 3301 1407 3310 ·

335 3404 532 3507 remum&
554 3387 582 3479 st
605 3393 790 3476 oceastone
808 3388 1016 3490 hujusmodi
1042 3394 1162 3469 nollre
1179 3390 1358 3479 societatis

333 3532 402 3615 seu
441 3511 715 3602 coadunacionis
748 3508 811 3590 vel
850 3506 1002 3583 alterius
1036 3504 1281 3605 cujuscunque
1308 3511 1357 3587 ob

334 3664 421 3725 eam
454 3630 617 3714 suscitate
640 3620 771 3719 aliquis
787 3620 847 3696 vel
872 3617 985 3717 aliqui
1013 3640 1060 3696 ex
1083 3618 1187 3698 uobis
1212 3616 1358 3717 suspen-

334 3760 446 3842 sionis
490 3755 552 3839 vel
596 3739 985 3827 excommunicacionis
1036 3737 1253 3818 sentenciam
1293 3739 1356 3821 seu

333 3881 428 3962 alias
451 3871 579 3973 injuste
599 3880 818 3961 aquoquam
843 3854 992 3958 gravari
1011 3856 1247 3958 contingerit,
1257 3858 1357 3956 quod

331 3992 456 4079 nosdz
476 3979 622 4065 ecclefie
642 3976 761 4053 nollre
783 3971 847 4046 ille
871 3968 930 4043 vel
947 3965 1017 4044 illis
1036 3967 1084 4044 stc
1106 3964 1271 4069 gravatis
1297 3980 1355 4042 to·

331 4107 389 4187 tis
410 4097 552 4179 viribus
578 4081 787 4171 assisteren
825 4076 1079 4157 nichilominus
1122 4076 1357 4172 indempnem

332 4220 375 4300 oc
390 4218 601 4313 indempnes
621 4201 778 4311 reddere
793 4191 1009 4282 deberemus
1026 4192 1073 4270 ad
1089 4187 1362 4399 estintaepigruem
