3409 5117
666 543 940 650 W
1112 569 1269 647 ·¹79

278 719 490 827 diguitatis,
509 716 638 824 ssatus,
658 720 811 821 gradus,
835 719 991 821 ordinis,
1015 725 1076 801 uei
1095 728 1314 812 conditionis

276 844 499 940 exstiterint,
525 839 871 940 quandocunque&
892 842 1178 944 quotiescunque
1201 871 1312 947 cape.

238 997 243 1002 ·
277 962 390 1045 dierit
405 963 628 1043 oudioritate
643 961 778 1052 nostra,
804 962 1080 1059 percensuram
1103 968 1312 1049 ecciesiasti-

276 1108 359 1171 cum
375 1088 625 1186 appellatione
642 1084 839 1185 postposita
856 1084 1132 1182 compescendo,
1157 1092 1310 1172 invoca·

276 1227 314 1288 tn
329 1215 380 1290 ad
399 1208 530 1309 homst
547 1231 639 1307 opus
654 1207 785 1302 fuerit,
799 1206 938 1283 auxilio
951 1210 1090 1286 brachii
1108 1211 1305 1296 soecuiaris.

274 1330 360 1409 Non
374 1329 598 1409 obstantibus
614 1343 691 1404 tom
715 1322 832 1401 felicis
852 1326 1116 1404 recordationis
1136 1332 1307 1431 Bonifatii

274 1455 382 1556 rapa
404 1455 504 1535 VIII
509 1444 781 1552 predecessoris
797 1451 925 1543 nostri,
950 1453 986 1529 in
1002 1456 1133 1550 quibus
1149 1476 1305 1542 cavetur

273 1594 317 1650 ne
333 1577 468 1675 aliquis
490 1593 598 1653 extra
616 1569 717 1650 suam
733 1574 921 1650 civitatem
945 1571 983 1648 dc
1007 1572 1208 1673 dioecefim,
1236 1580 1303 1661 nin

272 1694 439 1774 incertis
457 1694 618 1791 exceptis
632 1691 771 1769 caiibus
789 1693 823 1767 dt
845 1694 887 1786 in
900 1693 970 1769 iliis
988 1692 1084 1768 uitra
1099 1717 1208 1773 unum
1225 1686 1302 1779 die·-

272 1828 372 1904 trm,
406 1810 522 1890 dfine
544 1810 616 1889 suae
634 1811 813 1908 diaecefis,
835 1814 890 1889 ¹ad
910 1811 1084 1911 judicium
1106 1838 1299 1923 euocetur,

270 1930 332 2011 sed
347 1955 395 2009 rrc
407 1931 544 2029 judices
559 1931 595 2006 dr
611 1928 918 2009 conservatoresd
931 1926 1012 2006 sede
1026 1932 1189 2029 deputati
1204 1961 1300 2035 prae.

271 2050 385 2150 uiua,
411 2067 517 2129 extra
529 2052 718 2130 civitatem
736 2050 770 2125 u
787 2048 965 2124 diaecesmt
977 2048 1018 2123 in
1036 2048 1166 2144 quibus
1184 2056 1299 2154 depu.

270 2170 336 2248 toti
350 2169 504 2265 fuerint,
530 2191 657 2252 contra
675 2170 907 2271 quoscunque
920 2174 1133 2267 procedere,
1155 2171 1214 2251 seu
1235 2182 1299 2263 aiii

270 2289 331 2367 vel
346 2290 429 2366 aliis
445 2292 542 2368 vices
561 2288 639 2368 suas
659 2291 919 2383 committere,
943 2305 1007 2365 aut
1033 2291 1174 2389 aliquos
1199 2300 1298 2381 ultra

270 2429 381 2486 unam
399 2409 534 2486 dietam
550 2411 649 2487 iiine
660 2407 817 2486 dioecefis
828 2408 1028 2485 eorundem
1044 2411 1297 2514 trahereprae.

269 2522 427 2621 sumant,
454 2528 651 2605 dummodo
668 2532 766 2605 ultra
782 2530 870 2603 duas
890 2526 1002 2603 dietas
1019 2529 1149 2627 aliquis
1163 2536 1298 2615 autho.

269 2644 380 2719 ritate
395 2642 627 2739 presentium
641 2666 714 2720 non
731 2642 921 2733 trahatur,
949 2637 1008 2716 seu
1024 2646 1122 2740 quod
1139 2648 1184 2723 de
1200 2654 1297 2758 aliis,
1380 2731 1384 2738 ,

269 2782 380 2858 quam
404 2762 449 2833 de
472 2758 667 2837 manifestis
691 2760 830 2857 injuriIs
853 2758 890 2834 dr
911 2759 1113 2854 violentiis,
1140 2763 1174 2840 dc
1199 2772 1296 2873 aliis,

266 2900 349 2976 quae
370 2877 578 2976 judicialem
593 2879 787 2974 requirunt
810 2875 1018 2976 indaginem
1042 2882 1157 2975 poenis
1178 2886 1212 2959 in
1231 2913 1293 2969 eos

266 2986 409 3100 insecus
422 2995 586 3096 egerint,
613 2993 647 3067 dr
670 2994 760 3068 inid
779 3009 1016 3090 procurantes
1039 2995 1185 3091 adjectis
1207 3026 1296 3084 con.

267 3115 474 3197 servatores
499 3114 534 3191 se
553 3119 758 3193 nuliatenus
785 3115 1051 3210 intromittant,
1077 3141 1185 3213 quam
1212 3128 1295 3208 aliis

268 3240 545 3342 quibuscunque
564 3239 911 3332 constitutionibus,
937 3238 1293 3336 dpraedecess'uribu's

263 3363 396 3441 nostris
408 3360 586 3441 Romanis
602 3358 834 3436 Pontificibus
849 3375 921 3434 tam
942 3361 987 3435 de
999 3361 1197 3463 judicibus,
1216 3369 1293 3454 De.

263 3477 398 3580 legatis
426 3478 459 3550 de
488 3474 807 3553 conservatoribus
839 3498 947 3575 quam
973 3473 1158 3575 personis,
1193 3485 1293 3563 ultra
1412 3535 1415 3542 ·

263 3613 408 3675 certum
436 3616 629 3671 numerum
657 3598 704 3671 ad
727 3592 903 3700 judicium
932 3615 1004 3669 non
1030 3598 1203 3673 vocandis
1225 3615 1292 3681 aut

261 3721 343 3798 aliis
361 3716 482 3806 editis,
506 3739 588 3814 quae
608 3717 737 3792 nostrae
754 3712 894 3812 ponent
913 3715 950 3792 in
970 3713 1039 3790 hac
1057 3734 1163 3813 parte
1179 3714 1291 3815 juris·

262 3844 440 3931 dictioni,
470 3859 535 3916 aut
562 3842 753 3938 potestati,
796 3838 943 3937 ejusque
969 3839 1087 3916 libero
1112 3841 1291 3920 exercitio

260 3958 542 4061 quomodolibet
561 3959 734 4053 obviare,
767 3953 827 4033 seu
842 3952 871 4033 fi
889 3956 1069 4053 aliquibus
1087 3956 1289 4031 communi·

260 4102 320 4166 ter
332 4083 396 4158 vel
408 4078 549 4156 divisim
568 4079 589 4157 d
605 4081 781 4179 predicta
797 4081 838 4156 srt
861 4082 941 4155 sede
957 4080 1161 4172 indultum,
1188 4080 1288 4176 quod

260 4197 589 4295 excommunicari,
613 4195 881 4390 iuspendifflvel
895 4194 1079 4293 irrtardici,
1099 4190 1164 4283 scu
1181 4205 1289 4379 cultro

703 4340 709 4358 =
845 4331 871 4394 2
1177 4323 1223 4379 ve
