3409 5117
1338 469 1354 503 N
1426 497 1430 510 .

661 557 666 565 ‘
716 543 987 609 Um

338 707 558 786 obediencia
595 706 805 786 reverentia
823 709 862 786 tlt
886 707 1061 789 lideIitate
1091 711 1213 791 debita
1240 718 1366 799 obser·
1463 731 1466 746 ¹

340 829 466 901 uanda
494 823 628 901 facient
654 814 929 921 juramentum,
956 826 990 900 tiz
1011 827 1046 902 in
1079 826 1219 905 decima
1240 832 1306 910 nbi
1329 836 1366 913 da

337 939 491 1016 ecclese
513 936 575 1013 sue
590 934 736 1029 debita,
761 940 805 1012 de
820 939 926 1013 sturis
946 939 1194 1018 exailionibus
1210 943 1373 1025 srveobss
1403 951 1407 956 ’

338 1056 577 1131 ventionibus
613 1054 807 1150 judeorum
835 1074 882 1129 ae
906 1057 988 1152 aliis
1014 1080 1087 1154 que
1111 1059 1158 1133 de
1179 1064 1281 1141 eurIa
1304 1087 1363 1143 re·

333 1170 401 1271 gia
433 1172 562 1246 cedere
589 1168 655 1245 nbi
684 1169 820 1244 debent
847 1171 981 1245 intuitu
1009 1170 1112 1246 archi
1139 1172 1364 1257 cancellarie

334 1283 521 1380 predidle,
544 1284 687 1360 nullum
712 1284 829 1359 etiam
847 1285 884 1358 in
904 1282 973 1380 hijs
989 1286 1051 1360 vel
1067 1279 1191 1383 aliquo
1209 1294 1363 1387 premis-

335 1404 463 1483 sorum
488 1405 547 1481 seu
570 1406 650 1502 aliis
672 1404 743 1484 suis
772 1407 913 1504 juribus
938 1406 1238 1502 impedimentum
1271 1436 1363 1512 quo.

332 1522 540 1601 modolibet
578 1521 753 1599 faciemus
781 1546 849 1619 per
874 1538 939 1599 nos
968 1520 1145 1601 antelios
1179 1528 1275 1605 elam
1299 1536 1362 1613 vel

331 1644 457 1738 palam
486 1657 551 1717 aut
571 1642 653 1717 lieri
682 1642 729 1717 ab
762 1642 890 1738 aliquo
920 1642 980 1716 vel
1003 1642 1185 1740 aliquibus
1207 1650 1361 1743 permit-

335 1775 472 1833 temus.
523 1759 615 1833 Item
652 1759 901 1855 dampnaque
934 1756 1047 1833 felicis
1073 1763 1253 1838 memorie
1282 1764 1360 1840 Du·

331 1876 455 1951 minus
480 1877 561 1953 Rex
578 1876 740 1952 Albtrt'tts
761 1869 887 1949 intulit
910 1894 977 1971 per
999 1871 1210 1953 violentiam
1234 1881 1358 1960 Eucle-

332 1993 384 2070 sre
408 1991 628 2089 Maguntine
653 2009 810 2085 quorum
834 1989 1062 2065 oracionem
1087 1987 1360 2078 &refusionem

333 2118 460 2217 gracie
476 2114 598 2191 nostre
616 2109 806 2202 commista
831 2108 999 2207 quamvis
1021 2115 1197 2190 excedant
1211 2124 1357 2201 notorie

331 2236 512 2314 summanr
541 2246 685 2307 centum
717 2229 858 2304 milium
886 2248 1093 2303 marcarum
1118 2232 1279 2333 Argenti
1303 2238 1356 2316 se-

331 2354 494 2429 eundum
519 2352 715 2448 equitatem
734 2346 969 2423 refundemus
987 2346 1103 2421 eidem
1130 2366 1172 2425 ut
1194 2377 1358 2435 tommo.

331 2472 413 2545 dius
445 2470 571 2545 utilius
594 2490 636 2542 ae
659 2465 811 2542 liberius
835 2464 957 2538 valeat
981 2464 1136 2558 imperio
1157 2469 1354 2557 deservire.
1451 2460 1456 2552 ᾗ

330 2596 424 2671 Item
445 2584 617 2687 expensas
639 2572 726 2685 qua's
747 2580 949 2681 sepedidlus
976 2583 1154 2664 Dominus
1178 2589 1215 2667 P.
1246 2594 1356 2678 faelet

328 2716 377 2791 ad
405 2710 618 2806 sollempnia
641 2707 717 2781 five
731 2699 926 2779 neeessarIa
949 2700 1134 2778 elediionis
1153 2704 1190 2781 dr
1204 2731 1367 2807 promo.x

330 2826 446 2904 cionis
479 2824 600 2898 nostre
632 2817 698 2894 fibi
723 2818 859 2911 absque
885 2833 990 2889 mora
1011 2814 1242 2914 integraliter
1270 2846 1354 2921 per.

329 2940 528 3021 solvemus.
581 2937 672 3012 Item
698 2928 770 3007 fine
797 2926 1008 3031 difficultate
1040 2929 1202 3023 qualibet
1232 2939 1354 3021 dimit.

330 3084 451 3143 temus
481 3059 515 3136 ei
545 3055 755 3131 theloneum
780 3052 876 3145 apud
897 3048 1051 3124 castrum
1077 3049 1260 3148 Ενεπυιζς-,
1288 3063 1353 3143 do.

326 3201 398 3257 nec
421 3174 467 3247 de
498 3164 573 3266 ipso
598 3166 624 3241 'a
645 3182 811 3259 tempore
844 3160 1041 3237 creationis
1059 3162 1178 3240 nostre
1199 3171 1354 3269 recipiat

329 3282 626 3391 integraliter&
662 3280 842 3375 complete
876 3278 1000 3352 decern
1033 3275 1134 3353 milia
1170 3279 1353 3371 librarum

329 3404 547 3498 hllenfi'um,
574 3421 661 3494 quas
686 3394 850 3493 prefatus
878 3394 1057 3469 Dominus
1086 3395 1168 3472 Rex
1193 3401 1355 3485 ailbertus

328 3523 397 3598 sibi
431 3522 520 3593 dare
561 3512 687 3588 debuit
714 3507 939 3606 depromisit
969 3527 1037 3602 pro
1070 3502 1224 3585 servicio
1256 3525 1353 3618 quod

334 3632 425 3715 fecit
448 3633 569 3711 secum
604 3630 783 3706 eundo‘in
805 3621 931 3726 Reysa
953 3624 998 3699 ad
1022 3639 1144 3719 partes
1176 3626 1352 3715 Bobemie

329 3747 365 3823 a
390 3747 598 3840 duomilia
624 3764 832 3822 marcarum
861 3738 1006 3839 argenti
1029 3738 1066 3826 in
1096 3737 1228 3835 quibus
1252 3747 1352 3830 idem

327 3869 512 3951 Dominus
542 3873 626 3949 Rex
650 3865 812 3942 Alienus
836 3855 902 3934 fibi
923 3854 1146 3934 remanserat
1169 3861 1354 3969 obligatus
1369 3904 1390 3959 f

326 3974 480 4094 suasque
500 3990 655 4086 desuper
679 3984 777 4068 dedit
808 3981 949 4057 litteras
977 3976 1179 4057 manifestas
1202 3982 1240 4060 in
1271 3989 1353 4087 qui.

326 4101 395 4192 bus
419 4108 655 4209 causahujus
682 4102 796 4179 debiti
823 4100 1051 4207 continetur,
1075 4121 1143 4177 nee
1164 4124 1237 4183 non
1251 4109 1353 4203 mille

325 4241 469 4313 mareas
496 4250 585 4330 quas
604 4218 786 4305 subtraxit
801 4215 957 4299 Eccleste
978 4214 1200 4323 Maguntine
1216 4222 1253 4299 in
1272 4225 1350 4304 Un.

402 4365 404 4371 '
1200 4343 1301 4445 gelto
1473 4343 1482 4352 “
