3409 5117
472 549 547 657 '2'5'4
802 555 1072 621 mm

420 727 594 815 obtenta,
617 718 886 799 conlideramus
907 712 1055 813 insuper
1076 718 1202 814 plures
1226 715 1433 795 clericorum

419 850 505 926 licet
523 843 624 918 nulla
647 839 823 941 dignitate
841 836 1106 934 praeminentia
1132 854 1197 914 aut
1219 829 1343 913 officio
1366 856 1435 931 pre·

418 964 586 1063 fulgeant
609 956 763 1035 annulos
783 977 917 1032 aureos
943 976 987 1029 ac
1004 958 1174 1033 cordulae
1195 944 1439 1033 manicatas&

417 1081 525 1162 dolas
543 1096 590 1150 ert
607 1072 755 1149 sindone
771 1071 926 1171 gestare,
953 1091 1025 1166 quo
1043 1070 1085 1145 fit
1108 1088 1150 1146 ut
1171 1070 1254 1148 laici
1280 1070 1390 1145 talem
1410 1064 1441 1147 ill

417 1183 471 1272 eis
490 1188 674 1266 luxuriam
694 1185 859 1262 videntes
883 1206 956 1261 non
974 1188 1059 1259 leue
1075 1186 1112 1261 io
1135 1185 1278 1261 clerum
1306 1199 1442 1258 omnem

418 1301 614 1398 suscipiant
626 1297 753 1372 odium
768 1318 815 1373 ex
832 1318 906 1394 quo
924 1319 1096 1373 murmur
1116 1296 1308 1373 suboritur
1326 1285 1442 1388 damp·
1471 1289 1474 1306 ²

420 1413 556 1502 nobile,
584 1407 790 1484 inhibemus
805 1408 923 1509 igitur
947 1425 989 1484 ut
1007 1431 1030 1483 a
1051 1407 1227 1485 similibus
1250 1407 1443 1483 abstineant

419 1534 457 1608 tir
473 1523 623 1627 abjestis
644 1523 836 1600 mundanis
853 1523 1035 1601 illecebris
1052 1549 1136 1602 cum
1154 1525 1254 1601 omni
1277 1543 1443 1600 reveren·

419 1646 478 1723 cia
492 1658 564 1735 pre
580 1636 710 1712 ceteris
731 1635 913 1712 honestius
934 1637 1085 1732 vivant,
1111 1635 1283 1732 pervenit
1306 1650 1442 1731 quoque

291 1839 295 1848 ,
419 1775 494 1832 non
509 1750 580 1825 line
600 1748 731 1822 dolore
753 1748 802 1822 ad
824 1769 930 1824 aures
946 1749 1085 1825 nostras
1104 1746 1257 1823 clericos
1278 1743 1442 1845 quosdam
1478 1665 1483 1922 1

295 1897 306 1926 -’
421 1870 533 1948 etiam
551 1881 719 1960 ternpore
743 1863 956 1941 divinorum
979 1864 1124 1963 abjcdla
1149 1865 1285 1939 nedum
1304 1861 1442 1963 religio·
1480 1939 1483 1976 Ι

419 2011 467 2066 ne
485 1981 743 2061 verumetiam
759 1981 1047 2081 tunicavelalijs
1064 1978 1220 2057 vallibus
1235 2003 1342 2057 nrore
1354 1983 1442 2058 scur-
1480 2035 1483 2052 2

268 2079 272 2094 ⁸
340 2149 342 2156 ·
420 2118 549 2175 rarum
564 2094 660 2169 inter
675 2091 797 2190 laycos
814 2092 1024 2170 balistarum
1041 2093 1134 2167 ludis
1153 2091 1336 2184 insudare,
1354 2065 1485 2220 quod(

257 2291 262 2304 ,
328 2282 337 2290 .,
419 2233 532 2310 quam
551 2203 1079 2305 illicitumdt'dampnabilefit
1097 2208 1442 2307 juraomniuclami·

421 2339 515 2417 tant,
541 2303 833 2418 quarefimiliter
858 2319 1128 2396 iuhibemus‘ne
1144 2320 1276 2419 aliquis
1298 2323 1440 2399 clerico·

420 2458 506 2514 rum
524 2431 798 2534 sagittariorum
814 2434 947 2510 ludunt·
965 2451 1134 2510 exerceat
1148 2451 1212 2509 aut
1231 2436 1380 2530 publice
1398 2438 1443 2510 in·

421 2548 537 2637 tersit,
561 2569 647 2622 cum
669 2563 792 2622 autem
815 2549 933 2641 proch
959 2551 1066 2625 dolor
1081 2552 1204 2646 plures
1229 2554 1265 2627 in
1289 2577 1381 2657 agro
1398 2556 1443 2632 di·
1485 2551 1487 2588 ³

338 2725 346 2736 .
421 2665 510 2750 ,trine
527 2658 617 2758 legis
634 2658 789 2733 tribulos
809 2659 844 2733 liz
865 2683 938 2735 non
954 2684 1070 2763 grana
1088 2659 1283 2759 seminent,
1305 2669 1375 2744 hoc
1388 2671 1443 2767 est,
1481 2593 1487 2776 1

422 2775 490 2856 sub
510 2770 628 2868 specie
650 2770 736 2847 boni
760 2772 1009 2876 indulgentias
1030 2777 1215 2853 Interdum
1237 2796 1288 2858 ut
1302 2784 1449 2865 timetur·
1481 2785 1487 2862 1

421 2912 497 2969 non
507 2882 690 2962 concessas
699 2902 763 2961 aut
774 2885 871 2964 forte
888 2891 1069 2986 expiratur
1082 2891 1271 2987 publicare
1280 2903 1445 2994 audeant,

422 3000 636 3084 mandamus
652 3014 694 3075 ut
710 3000 800 3074 nulli
816 3000 1029 3088 colleilores
1048 3019 1113 3079 aut
1127 3006 1314 3103 questores
1338 3013 1373 3087 in
1396 3036 1445 3087 ec·
1484 3047 1487 3096 3

421 3114 535 3211 clefijs
555 3111 743 3207 publicare
759 3113 1006 3217 indulgencias
1021 3136 1086 3194 aut
1104 3121 1280 3221 colligere
1303 3134 1448 3221 permit·
1484 3123 1487 3186 ³

424 3246 562 3318 tantur,
599 3225 666 3310 nist
687 3229 825 3327 litteras
851 3232 989 3318 nostras
1012 3251 1076 3309 aut
1098 3236 1362 3338 vicarijnollri
1379 3272 1448 3328 oon

422 3340 608 3439 expiratas
627 3339 847 3417 ostenderint
869 3343 1144 3436 testimoniales,
1178 3370 1297 3445 neque
1311 3357 1356 3428 ad
1375 3379 1447 3433 am·
1484 3357 1487 3388 ¹

422 3457 537 3534 boues
555 3455 808 3552 admittantur,
831 3456 897 3535 nist
918 3458 955 3535 id
968 3481 1035 3556 per
1050 3461 1252 3558 exprelsum
1269 3467 1306 3541 in
1321 3472 1445 3550 nostris

424 3564 556 3648 litteris
570 3566 723 3661 desuper
738 3570 907 3670 concelsts
930 3574 1181 3670 contineatur,
1205 3600 1324 3675 neque
1348 3597 1446 3659 trun·

420 3704 485 3757 cos
500 3693 565 3755 aut
575 3679 720 3775 pixides
732 3683 770 3757 in
789 3683 943 3782 ecclefijs
960 3687 1085 3764 vestris
1103 3688 1241 3785 absque
1254 3692 1378 3769 nostra
1390 3710 1446 3774 aut

424 3790 554 3888 vicarij
572 3792 683 3868 nostri
697 3795 735 3870 in
750 3794 998 3893 spiritualibus
1013 3801 1156 3877 licentia
1174 3802 1210 3876 dr
1227 3803 1444 3886 ausluritate

421 3910 576 4012 ¹erigere
591 3909 832 4007 permittatis,
869 3913 1117 3996 Certilicantes
1138 3917 1205 3993 dcc.
1257 3922 1447 3999 Datum&

424 4020 548 4100 aslum
567 4021 604 4098 in
626 4021 785 4100 Ciuitate
804 4023 925 4102 nostra
947 4022 1094 4122 spirensi
1113 4029 1265 4105 crastina
1287 4028 1458 4111 omnium

416 4128 633 4244 sanitatum
661 4135 772 4215 Anno
800 4135 868 4230 tic.
893 4137 1149 4242 Oiluagelimo
1169 4140 1341 4238 septimo.
1399 4144 1447 4244 jo·

425 4238 563 4330 hames
586 4244 711 4329 Ritter
726 4248 904 4329 notarius.
1256 4349 1388 4433 Lm
1485 4307 1487 4314 -
