3409 5117
676 414 946 480 um
1051 453 1054 460 .
1178 444 1268 518 ,291

283 570 456 672 quotiens
470 574 567 651 enim
583 576 821 677 negligentes
830 603 982 682 gregem
998 578 1177 680 pascimus
1191 586 1321 666 Domi·

281 694 408 769 uicum
433 697 569 774 tociens
591 701 861 777 comminamur
885 701 1066 780 summum
1096 728 1166 781 non
1193 731 1319 788 assare

282 800 507 907 pastorem,'
529 838 596 889 nec
631 815 813 892 bonorum
837 816 981 895 audiori
1008 822 1141 896 cbristo
1168 826 1317 919 placere

281 930 470 1031 possumus
488 933 551 1010 nist
576 936 824 1031 delinquentes
849 940 1091 1033 corripiamus
1112 939 1146 1014 oz
1164 943 1316 1041 castige-

281 1076 389 1147 mus,
415 1056 511 1129 unde
536 1052 621 1128 licet
639 1053 675 1127 in
701 1054 979 1145 precedentibus
998 1054 1140 1155 synodis
1159 1081 1226 1153 per
1246 1081 1313 1137 nos

282 1168 479 1244 celebratis
496 1185 622 1262 preter
637 1166 671 1239 dr
689 1169 785 1240 ultra
808 1166 911 1241 varia
936 1164 1143 1246 sanctornm
1168 1173 1318 1252 Parrum

281 1280 320 1356 dc
342 1278 635 1377 predecessorum
653 1279 859 1353 nostrorum
877 1276 1033 1355 salubria
1044 1287 1213 1360 mandata
1224 1269 1313 1381 pro·¹

282 1400 530 1497 vincia-linque
562 1397 598 1473 d
630 1396 1007 1496 synodaliainstituta
1032 1404 1174 1478 dudum
1215 1408 1312 1486 edita

283 1520 522 1615 quamplures
537 1512 720 1612 processus
739 1512 926 1612 synodales
945 1515 1135 1611 presertim
1154 1510 1310 1596 dedin-

281 1656 351 1731 per
367 1632 636 1722 'concubinatus
661 1627 920 1721 incontinentie
940 1630 1173 1731 aliorumque
1199 1637 1307 1714 vitio.

280 1773 365 1832 rum
393 1748 638 1845 pravitatibus
666 1743 814 1842 prorsus
844 1745 1001 1820 vitandis
1024 1746 1307 1847 &extirpandis

280 1883 392 1961 atque
419 1860 574 1938 honestis
594 1859 629 1932 ὅτ
653 1858 862 1936 decentibus
881 1858 1046 1936 moribus
1071 1864 1307 1944 observandis

279 1977 582 2073 clericalibusque
596 1975 753 2050 vestibus
771 1973 948 2073 gestandis
964 1957 1305 2110 nonnullisquealijs

278 2094 553 2194 frequentandis
571 2094 605 2166 de
622 2092 832 2166 exercendis
848 2089 959 2165 etiam
974 2085 1073 2166 sub
1054 2094 1161 2196 certis
1175 2094 1304 2175 smmi·

279 2214 457 2289 dabilium
482 2205 715 2285 cenlbrarum
735 2207 837 2304 penis
854 2204 1017 2304 ,aliasque
1036 2205 1083 2292 dt
1090 2187 1162 2308 aila
1179 2211 1307 2312 eurise]

276 2330 393 2408 rimus
417 2328 610 2405 fecerimus
636 2325 670 2399 de
699 2326 779 2401 lieri
807 2317 1102 2416 mandaverimus
1129 2350 1241 2424 prout
1266 2335 1304 2413 ῑιιΙ

276 2449 411 2530 eisdem
437 2444 658 2545 processibus
683 2433 788 2520 vobis
814 2446 934 2541 palam
967 2431 1159 2540 publicatis
1188 2452 1302 2532 lacius

276 2568 510 2653 continetur,
535 2557 728 2654 exquibus
745 2557 898 2654 quisque
914 2557 1071 2656 vestrum
1090 2562 1176 2655 quid
1191 2586 1304 2667 agere

231 2677 235 2684 ¹
276 2691 416 2793 quidve
433 2680 553 2754 vitare
573 2677 704 2750 debeat
718 2676 853 2768 claram
875 2670 986 2749 babet
1003 2649 1062 2752 uel
1079 2676 1216 2762 habere
1234 2706 1302 2776 po-

274 2800 389 2885 tuitdz
405 2792 521 2894 potest
537 2785 857 2887 intelligentiam,
844 2809 881 2859 m
897 2786 977 2884 hijs
981 2797 1101 2862 tamen
1113 2794 1208 2885 apud
1222 2798 1306 2936 ple
1396 2867 1398 2871 ,

273 2919 413 3034 rosque
424 2937 470 2990 ex
483 2911 589 2987 vobis
604 2906 694 2982 nihil
707 2923 771 2980 aut
784 2926 915 3000 parum
935 2903 1156 3008 profecimus
1172 2883 1306 3012 tepida¹

272 3027 397 3119 fotian
422 3049 602 3130 penarum
635 3021 886 3118 prediclarum
924 3020 1300 3102 i1noi···1nc'011trave·.

271 3158 413 3234 trientes
434 3143 657 3240 adjeciarum
671 3135 885 3212 executione
906 3153 1089 3237 causante,
1109 3137 1193 3212 Ne
1181 3140 1301 3237 egitur

272 3294 340 3352 nos
359 3264 492 3367 desidie
510 3261 568 3333 vel
584 3252 807 3362 negligencie
822 3273 843 3324 a
861 3247 1030 3324 summo
1016 3241 1217 3350 a'r'guamur
1232 3251 1302 3350 pai

271 3391 369 3468 stote
385 3378 445 3455 dc
436 3402 474 3452 m
499 3373 627 3449 duram
645 3368 856 3446 sententiam
880 3366 1090 3441 incidamus
1106 3389 1178 3463 qua
1203 3369 1298 3446 irre-

228 3486 229 3489 ‘
271 3492 446 3595 fragabili
471 3483 761 3563 constitutione
753 3503 788 3555 m
813 3477 913 3552 sacro
938 3478 1109 3553 Generali
1131 3480 1297 3566 Concilio

270 3607 449 3694 sasrcitum
474 3596 544 3674 esse
569 3596 698 3672 scimus
723 3610 765 3667 ut
783 3588 950 3686 Episcopi
971 3590 1017 3662 ad
1037 3590 1299 3689 corrigendum

269 3718 501 3798 subditorum
518 3712 676 3787 maxime
701 3707 918 3783 clericorum
943 3698 1100 3778 excessus
1126 3701 1297 3782 derefor-
1388 3703 1390 3707 ’

269 3839 423 3915 maistins
450 3853 569 3906 rnores
594 3848 721 3902 eorum
743 3827 945 3920 prudenter
959 3831 1003 3895 ac
1024 3818 1252 3919 diligenter
1240 3844 1298 3899 rn-
1398 3845 1402 3855 “

268 3965 437 4045 tendant.
462 3973 507 4023 ne
522 3946 666 4048 languis
688 3965 816 4018 eorum
835 3942 880 4014 de
898 3937 1064 4014 manibus
1081 3936 1153 4009 suis
1173 3931 1298 4031 requi·

267 4086 398 4161 ratur,
433 4060 607 4182 &stunc
596 4079 635 4134 ιιι
650 4075 757 4145 antea
771 4050 974 4130 studiosiori
987 4046 1228 4127 lbllicitudine
1242 4058 1298 4123 at·

772 4165 810 4245 Τ
832 4186 858 4249 a
1172 4174 1253 4240 ten·
