3409 5117
469 555 545 670 ¹340¹
800 577 1070 639 &Ma

427 733 628 835 dubiusque
644 736 868 815 fortitudinis
890 735 1028 833 Spiritu
1044 738 1190 815 tandem
1209 732 1322 811 dloae
1342 739 1455 814 nomi·

426 858 565 933 nationi
590 856 665 934 five
693 855 870 931 Eleslioni
897 851 1041 930 ¹consem
1067 848 1277 952 praebuilli,
1330 872 1458 951 prout

426 965 505 1043 haeo
529 967 651 1042 omnia
679 967 716 1041 in
739 965 887 1041 Litteris
913 964 1060 1039 Decreti
1093 962 1290 1039 uteoionis
1323 965 1456 1041 Coram
1485 1049 1487 1058 ,

356 1121 361 1132 κ
426 1079 530 1156 nobis
552 1075 740 1173 productis
768 1073 909 1170 plenius
934 1073 1194 1150 continentur:
1218 1073 1369 1173 fuitque
1393 1101 1456 1174 pro
1485 1065 1487 1082 ²

425 1208 531 1288 parte
546 1207 608 1263 tua
627 1184 831 1283 Priorisque
848 1186 893 1259 lit
912 1185 1123 1262 Conventus
1141 1182 1313 1282 praeaifti
1336 1189 1455 1263 humi·
1485 1243 1487 1256 .

424 1307 510 1383 liter
529 1301 793 1397 Supplicatum,
818 1314 860 1372 ut
876 1299 1005 1374 nostrae
1027 1299 1317 1375 confirmationis
1341 1302 1456 1377 robur

424 1421 613 1514 adyceres,
638 1430 746 1507 teque
763 1412 798 1485 in
817 1410 1004 1486 Abbatem
1022 1411 1109 1488 disti
1136 1411 1348 1511 monasterij
1364 1436 1455 1507 prae·

424 1533 533 1609 ficere
551 1528 584 1601 or
603 1526 829 1602 confirmare
847 1526 1096 1623 dignaremur.
1148 1527 1224 1601 Nos
1244 1528 1289 1600 de
1309 1524 1452 1622 proces·

423 1646 463 1720 su
481 1631 733 1735 Compromilli
749 1638 945 1712 Electionis
971 1636 1046 1715 srve
1062 1639 1335 1715 Nominationis
1360 1662 1452 1735 prae·

424 1754 545 1840 dietae,
572 1755 689 1847 deque
706 1767 768 1825 tua
788 1747 1037 1849 religiofitare,
1066 1753 1142 1826 vita
1160 1750 1395 1848 umoribus,
1415 1750 1451 1825 li·

423 1878 468 1950 de
485 1868 592 1945 etiam
609 1868 642 1942 rb
659 1868 852 1961 prudentia
868 1864 1053 1941 informati
1072 1865 1140 1942 tic.
1204 1866 1356 1944 uittam
1384 1870 1452 1942 ele-

426 1985 601 2073 blionem,
626 1979 872 2078 provisionem
898 1978 932 2051 oc
958 1980 1241 2076 nominationem
1277 1988 1325 2058 de
1346 2000 1390 2059 te
1417 1996 1452 2057 ut

423 2092 677 2190 praemittitur,
699 2089 849 2183 fabiam,
875 2091 1158 2167 confirmandam
1177 2094 1376 2186 duximus,
1403 2111 1451 2169 te-

424 2230 495 2304 que
510 2204 746 2280 inAbbarem
771 2204 1043 2299 praeliciendum
1068 2201 1137 2279 effe
1153 2208 1449 2299 pronunciamus,

422 2336 531 2417 atque
555 2334 683 2393 tenore
706 2314 937 2411 praesentium
958 2317 1245 2409 confirmamus,
1275 2318 1448 2395 Declara-

420 2458 501 2511 nrns
518 2455 560 2517 ae
574 2447 610 2505 te
626 2431 662 2505 in
683 2430 865 2507 Abbatem
887 2430 974 2507 dieti
994 2430 1206 2508 Monasterii
1231 2432 1448 2524 praeficimus

291 2625 297 2642 ,
386 2577 402 2596 2
422 2564 531 2640 atque
567 2543 795 2633 investimus,
828 2544 1012 2641 regimen,
1046 2542 1384 2638 Gubernationem,
1418 2543 1449 2615 tic

421 2655 766 2732 administrationem
785 2650 943 2751 ejusdem
972 2655 1008 2731 iu
1026 2653 1282 2751 Spirirualibns
1309 2657 1343 2730 <b
1365 2675 1447 2730 tero·

420 2769 607 2869 puralibns
625 2769 691 2843 tibi
709 2770 1001 2865 Committentes,
1027 2772 1186 2865 praellito
1206 2772 1308 2866 prius
1332 2772 1446 2848 aiteio
1476 2743 1487 2892 1

420 2880 587 2960 manibus
619 2878 746 2952 nostris
766 2879 984 2977 receptique
1002 2872 1196 2979 Corporali
1216 2884 1445 2977 promiffione

419 2994 455 3068 tic
484 2990 701 3086 juramento,
735 2993 831 3084 qnod
865 2992 911 3063 ab
932 2992 998 3066 hac
1016 2991 1108 3066 hora
1141 2992 1177 3065 iu
1203 3007 1312 3068 antea
1337 2994 1444 3092 fidelis

419 3102 489 3176 eris
508 3096 542 3170 S.
561 3096 719 3169 Macrino
736 3095 948 3193 Sanilaeque
967 3099 1446 3199 Ecclefiaellloguntinaeno-

419 3208 544 3303 bisque
562 3230 604 3278 ac
616 3202 873 3280 successoribus
890 3206 1017 3281 nostris
1034 3207 1197 3311 legitime
1213 3209 1444 3302 intrantibus,

418 3345 536 3418 neque
556 3323 626 3395 eris
643 3344 801 3417 unquam
822 3322 856 3395 in
875 3320 1053 3417 Confrlio,
1090 3326 1250 3400 tratlatu
1273 3332 1333 3402 vel
1354 3323 1450 3402 fallo

415 3458 459 3522 ¹ut·
479 3436 685 3511 membrum
704 3436 882 3510 statumve
900 3439 1120 3529 perdamus,
1151 3442 1240 3538 quin
1262 3442 1341 3517 irno
1360 3442 1443 3517 salu·

374 3574 376 3578 ¹
418 3568 492 3622 tem
527 3546 684 3621 uolitant
713 3546 953 3640 Ecclefiaeque
980 3550 1110 3628 nostrae
1137 3552 1443 3653 Mogontinensrs,

416 3658 635 3761 procurabis
652 3657 686 3731 tiz
705 3660 956 3752 promovebis,
972 3664 1138 3759 malaque
1156 3664 1190 3738 tiz
1207 3669 1367 3745 adversa
1381 3692 1443 3764 pro

416 3771 647 3873 poffibilitate
666 3789 831 3859 avertes,
878 3772 1137 3869 &presertim
1161 3777 1244 3874 jura
1272 3780 1442 3860 nostrati

416 3884 719 3960 Ecclessaenollrae
737 3884 841 3959 nobis
856 3886 892 3959 in
907 3890 1125 3967 monasterio
1144 3898 1325 3987 praedicto
1341 3901 1441 3976 Corn·

416 3995 576 4094 perenna
591 3995 695 4069 nobis
713 3992 965 4089 conservabis,
993 4002 1029 4078 esc
1054 4006 1098 4079 de
1115 4005 1170 4079 his
1196 4005 1439 4103 respondebis,
1454 3948 1477 4056 ’4

416 4131 534 4202 nequo
552 4108 645 4180 bona
662 4107 867 4182 monasterii
888 4112 991 4206 nobis
1012 4118 1069 4192 vel
1090 4116 1366 4198 Succefforibus
1381 4144 1440 4197 no·

315 4255 325 4261 ·
415 4223 494 4300 stris
514 4214 719 4295 inconsultis
745 4223 804 4296 vel
823 4218 946 4305 invitis
963 4228 1150 4328 alienabis,
1169 4229 1439 4331 subjettionen,

1291 4372 1398 4431 relle-

944 4527 949 4559 ι
1001 4544 1003 4549 .
