3409 5117
729 552 998 614 Um
1259 572 1325 648 34¹

288 730 296 742 ·
351 714 601 791 reverentiam
618 712 652 787 dr
669 713 847 790 honorem
863 731 885 784 a
901 702 1040 786 SanDis
1058 708 1223 805 patribus
1240 713 1380 791 Consti·
1406 682 1413 704 ,

349 842 472 901 tutum
495 824 596 901 salvo
623 828 750 902 ordine
772 840 836 898 tuo
858 822 963 899 nobis
986 823 1191 919 exhibebis,
1221 827 1377 925 dequod

288 959 294 1002 2
348 941 511 1013 rationes
524 940 670 1038 annales
686 955 759 1016 tuae
774 936 1093 1017 administrationis
1110 939 1213 1015 uobis
1229 965 1271 1017 ae
1288 941 1376 1018 Suo-

347 1048 546 1127 cefforibus
563 1051 707 1143 nostris,
732 1064 796 1123 aut
811 1046 951 1124 nunciis
970 1051 1016 1123 ad
1034 1052 1104 1141 hoe
1122 1052 1304 1128 mittendis
1320 1050 1377 1126 fa·

346 1164 433 1238 cies.
465 1176 690 1253 quapropter
711 1157 828 1234 Priori
862 1155 1157 1252 denonantur,
1188 1158 1374 1235 monachis

347 1268 559 1367 caeterisque
570 1268 657 1343 diiii
673 1268 880 1366 monasteri]
896 1266 1057 1362 personis
1071 1270 1216 1346 colonis
1236 1270 1376 1345 drCen·

344 1382 474 1477 suariis
491 1380 730 1477 omnibusque
749 1381 784 1455 dr
806 1379 954 1482 finguiis
972 1379 1132 1465 distridie
1159 1383 1376 1479 praecipien·
1429 1376 1433 1382 ’

346 1525 399 1583 tes
413 1502 642 1593 mandamus,
664 1516 705 1573 ut
725 1497 791 1572 tibi
810 1498 1057 1573 obedientiam
1076 1477 1373 1577 &reverentiam

344 1620 494 1707 faciant,
509 1634 616 1711 teque
632 1616 748 1693 veluti
764 1615 951 1700 Abbatem
967 1614 1143 1692 Colantdz
1162 1617 1372 1707 observent,

343 1758 387 1813 ac
403 1731 471 1809 tibi
490 1752 558 1827 per
572 1734 696 1805 omnia
714 1730 911 1825 obediant,
938 1728 972 1805 ἀ
995 1729 1041 1809 de
1057 1726 1218 1806 ceniibus
1235 1731 1269 1807 dr
1286 1728 1372 1805 red·

343 1851 480 1926 ditibus
492 1842 748 1942 respondeant,
773 1846 870 1922 unde
886 1861 921 1919 te
934 1865 1001 1939 per
1021 1845 1186 1921 debitum
1202 1843 1372 1938 assumpti

343 1967 466 2046 oneris
482 1965 737 2060 adhortamur,
763 1981 804 2041 ut
828 1986 913 2040 eum
932 1978 968 2037 te
987 1963 1133 2058 prestes
1153 1963 1191 2038 io
1208 1961 1372 2061 negotia-

341 2085 443 2163 tione
458 2075 607 2157 Domini
619 2079 813 2177 gestorem,
833 2098 906 2173 quo
923 2078 1134 2170 centuplum
1150 2090 1369 2172 accepturus

340 2201 424 2279 Deo
439 2194 592 2273 auctore
608 2191 767 2273 Salutem
784 2192 958 2271 merearis
975 2206 1162 2270 aeternatu.

289 2439 292 2443 .
416 2362 600 2438 Caeterum
625 2380 756 2433 munus
775 2354 1039 2433 benedidionis
1060 2353 1130 2432 tibi
1152 2356 1368 2452 propediem
1475 2345 1477 2351 ’

338 2480 424 2554 data
439 2474 716 2573 opportunitate
728 2470 998 2567 impertiemur,
1014 2486 1125 2569 teque
1138 2470 1174 2546 in
1189 2491 1365 2566 corpora.
1391 2569 1393 2580 Ι

337 2594 411 2667 lem
426 2590 564 2667 realem
589 2585 623 2660 dr
643 2586 823 2661 aiiualem
844 2584 1092 2682 poffessionem
1111 2584 1217 2662 dieto
1236 2584 1367 2662 Abba·

336 2707 399 2781 tire
413 2701 585 2779 adhibitis
600 2699 784 2777 eireabaee
799 2700 1099 2778 solemnitatibus
1114 2700 1226 2778 solitis
1236 2700 1270 2774 dr
1280 2722 1367 2775 con-

336 2813 447 2895 suetis
473 2810 690 2886 inducimus.
757 2808 864 2884 Datae
888 2814 1131 2907 apud‘areem
1156 2811 1189 2888 S.
1212 2808 1368 2891 Martini

333 2930 373 3004 in
410 2924 570 3003 Ciuitate
608 2922 730 2998 nostra
772 2922 997 3022 Moguntioa
1038 2922 1104 2999 sub
1139 2922 1257 3024 figillo
1298 2944 1364 2995 no·

334 3043 424 3135 stro,
450 3040 510 3116 die
534 3042 660 3139 quinta
680 3038 809 3118 menis
834 3040 1059 3121 NovembrIs
1077 3043 1189 3123 Anno
1213 3040 1364 3119 Domini

332 3162 393 3245 M·
419 3163 467 3240 D.
499 3161 548 3240 X.
644 3240 646 3246 ,
1256 3183 1262 3196 ·

383 3328 530 3404 Litteras
561 3330 741 3396 subsecuto
769 3329 1012 3402 Benediiiionis
1045 3333 1193 3424 ejusdem
1228 3335 1362 3408 Domini

429 3426 560 3513 Joannis
585 3426 721 3494 Abbatis
752 3427 829 3495 vide
858 3436 946 3515 apud
969 3432 1101 3516 Joannis
1132 3430 1252 3518 Script.
1280 3434 1360 3507 Rer.

375 3518 378 3528 '
429 3518 527 3618 Mog.
547 3525 644 3590 Tum.
667 3526 708 3589 11.
732 3546 808 3612 pag.
840 3535 919 3597 816.
950 3526 1075 3596 ibidem
1098 3529 1214 3597 citatur
1234 3529 1364 3598 Bucoli-

428 3635 491 3687 nus
508 3623 618 3690 Germ.
635 3622 711 3687 saer.
728 3643 805 3710 pag.
821 3639 901 3704 197.
924 3624 981 3711 qui
1002 3628 1161 3711 Joannem
1178 3624 1363 3720 Congrege-

368 3761 371 3766 -
427 3714 527 3789 tionis
543 3719 777 3789 Bursfeldenfis
798 3734 1026 3791 omameotum
1050 3727 1205 3816 appellat.

710 3899 979 4175 m

801 4336 879 4439 Ya

1118 4284 1121 4287 ί
1189 4339 1320 4427 xcu‘
