3409 5117
652 533 925 633 &w

264 764 432 849 minicae
451 759 803 878 1631.x1V.1(a1.
824 761 1054 872 Februarii,
1081 766 1300 857 Pontifica-

265 921 335 989 tus
371 932 484 993 anno
517 905 591 991 ix,
630 902 881 1020 Eodemque
913 897 1039 1021 stylo'
1062 905 1318 1026 procedunt

268 1031 354 1119 aliae
379 1034 470 1148 ejus
487 1035 672 1122 solennes
687 1030 831 1137 Bullae,
862 1059 910 1119 ut
936 1034 989 1121 de
1013 1040 1149 1123 minus
1165 1037 1302 1123 solen·
1330 1133 1336 1146 ..

270 1158 398 1248 nibus
422 1162 524 1249 nihil
547 1161 693 1255 dicam.
749 1157 856 1246 Haec
879 1161 907 1246 fi
928 1163 1145 1252 observare
1168 1161 1301 1249 scivis-

226 1379 227 1386 Ν
269 1290 357 1378 sent
415 1298 728 1381 continuatores
782 1290 944 1379 Bullarii
1005 1292 1048 1380 81
1109 1295 1303 1383 ordinem

226 1459 228 1536 g
270 1430 477 1543 temporis
528 1447 703 1542 tenere,
747 1409 849 1512 ficut
893 1432 1147 1517 conveniens
1193 1447 1301 1529 erat,

271 1553 505 1645 debuissent
558 1555 762 1669 ejusmodi
810 1556 938 1645 bullas
995 1587 1157 1677 ponere
1206 1558 1306 1674 post

273 1689 420 1778 Brevia
454 1713 548 1776 toto
580 1690 651 1777 illo
690 1692 819 1777 Anno
850 1690 1013 1808 vulgari
1050 1692 1162 1798 data,
1207 1719 1302 1808 quae

226 1869 229 1898 i
274 1846 385 1905 nunc
406 1822 690 1908 inveniuntur
714 1817 819 1905 male
848 1824 1067 1934 permixta
1097 1822 1303 1909 Brevibus

276 1955 454 2071 Januarii
471 1980 520 2040 ac
534 1951 751 2039 Februarii
775 1937 957 2041 eundern
976 1982 1132 2043 annum
1155 1953 1301 2069 vulgu-

277 2118 358 2179 rent
374 2088 678 2176 inchoantium.
843 2139 848 2158 ·
978 2081 981 2090 ’

350 2236 587 2323 innocentii
604 2240 655 2323 X.
669 2232 951 2339 Pontificatus,
968 2258 1016 2322 ut
1033 2237 1090 2321 est
1107 2240 1149 2323 in
1160 2236 1292 2327 Bulla·

281 2370 357 2475 rio,
395 2362 497 2451 nihil
529 2361 737 2479 suggerit,
767 2363 888 2479 quod
910 2362 1159 2480 huefaciat.

352 2507 591 2624 Alexander
635 2531 726 2620 Vll.
772 2526 942 2620 cautum
987 2534 1132 2621 volens
1164 2564 1302 2653 nequa
1425 2511 1429 2516 ¹

283 2666 363 2758 loca
396 2666 665 2755 Ecclefiastici
708 2665 832 2752 status
872 2665 998 2753 vendi
1034 2691 1106 2753 aut
1138 2671 1303 2785 gravari

284 2800 552 2913 contingeret,
569 2820 678 2881 anno
701 2792 969 2880 Pontificatus
990 2794 1104 2879 sexto
1130 2820 1195 2913 17.
1214 2797 1300 2883 Kal·

283 2928 508 3036 Februarii3
548 2924 592 3011 δι
628 2923 696 3009 sex
735 2922 927 3011 Decimus
960 2922 1147 3009 indicens
1179 2928 1301 3039 super
1433 2996 1436 3003 .

266 3052 484 3170 druidibus
501 3056 784 3145 Ecciefiasticis
812 3056 983 3143 initalia
1006 3054 1048 3141 81
1073 3044 1213 3141 insulis
1227 3054 1301 3143 ad-

276 3193 499 3309 jacentibus
509 3221 625 3280 nono
657 3189 824 3277 Kalend.
850 3193 1005 3295 Martii,
1036 3191 1187 3304 stylum
1216 3188 1301 3301 jan

278 3331 403 3418 fixum
426 3327 612 3443 sequitur
640 3322 683 3409 81
706 3350 862 3411 annum
892 3330 1183 3411 incarnationis
1211 3324 1301 3410 Do·
1432 3397 1437 3407 .

277 3462 431 3545 ninicae
445 3450 671 3541 MDCLX.
702 3474 845 3552 vocat,
864 3452 936 3562 qui
956 3453 996 3534 in
1018 3450 1302 3561 publicatione

276 3582 364 3695 post
398 3577 536 3664 secuta
568 3598 720 3662 voatur
755 3573 1002 3661 MDCLXl.
1035 3579 1143 3660 inter
1181 3574 1308 3686 cujus¹
1392 3593 1399 3608 ‘

275 3706 383 3793 Anni
401 3703 547 3791 Brevia
561 3700 707 3785 Tomo
733 3698 804 3785 Vl.
834 3697 1019 3802 Bullarii,
1035 3699 1120 3812 jam
1141 3700 1297 3814 sapien.

276 3838 399 3923 tiores
425 3829 688 3922 Collediores
716 3825 804 3941 ejus
832 3826 1052 3945 praedistas
1078 3829 1209 3917 Bullas
1232 3856 1300 3917 re-

276 3963 514 4079 posuerunt.
627 4024 630 4029 .

351 4121 542 4236 Sequens
562 4117 793 4206 Clementis
815 4127 884 4205 lx,
914 4119 1181 4206 Pontificatus
1196 4121 1299 4210 nihil
1385 4179 1387 4187 ·

279 4250 455 4346 labain
471 4250 650 4343 Bullario
674 4250 887 4493 quodbhi3c
902 4246 1051 4341 referri
1066 4272 1299 4475 mergaagtlm
