3409 5117
656 612 926 673 QG
1185 638 1253 710 421

274 797 422 871 cunque
443 774 563 850 oneris
592 774 826 869 imposscionc
855 776 914 849 vel
942 774 1131 853 exaciiooe
1150 753 1304 873 iainque

273 893 489 992 privilegiis
517 888 659 985 juribus
691 889 725 963 tir
759 889 990 966 libertatibus
1018 913 1085 988 per
1121 891 1303 987 prudntia

270 1026 443 1103 tempora
466 1002 498 1076 ἅ
523 1003 569 1076 ad
593 1017 736 1104 tempus
762 1000 858 1078 infra
875 1004 1076 1081 dicendum·
1092 1004 1210 1098 perun
1234 1003 1302 1077 fint

272 1130 390 1215 prout
414 1116 459 1204 de
485 1109 566 1209 jure
589 1111 774 1184 communi
801 1110 836 1184 ἀ
865 1110 1124 1188 consuetudine
1145 1134 1187 1187 ac
1223 1110 1300 1202 pri-

272 1228 415 1326 vilegio
440 1223 494 1299 uti
515 1237 688 1319 poterant
717 1221 753 1294 oc
780 1225 1003 1314 debuerant,
1035 1244 1154 1321 nuper
1179 1238 1301 1297 tamen

272 1338 449 1415 uidelicet
470 1340 514 1412 de
530 1358 624 1411 anno
643 1336 717 1411 Dni
733 1334 932 1413 Millesnno
950 1333 1299 1433 quadringentefimo

272 1452 458 1532 tricesimu
483 1450 637 1529 secundo
660 1453 705 1527 de
727 1448 848 1527 mense
870 1449 1087 1528 Decembris
1111 1449 1309 1550 magistra-t

274 1587 336 1666 tus
359 1566 486 1663 populi
503 1563 793 1664 Maguntinensts
813 1579 889 1638 tam
909 1576 1077 1663 regentes
1096 1583 1204 1659 quam
1225 1560 1301 1653 ple·

274 1680 352 1780 beji
380 1699 507 1756 contra
531 1681 719 1755 libertates
742 1675 951 1777 hujusmodi
967 1675 1078 1753 'inter
1099 1692 1219 1754 cetera
1233 1676 1301 1751 iia·

274 1811 430 1871 ruerunt
449 1794 645 1871 edixerunt
668 1790 731 1869 seu
768 1805 1011 1890 preceperunt
1033 1812 1080 1868 ne
1112 1785 1302 1895 quisquam

275 1911 503 1987 inhabitator
519 1910 760 2012 Maguntinus
779 1912 836 1985 vei
856 1909 931 2004 ejus
942 1909 1161 2010 peregrinus
1177 1908 1196 1983 a
1212 1931 1302 2005 quo·

275 2047 421 2120 cunque
449 2024 583 2100 clerico
619 2022 836 2099 beneficiato
866 2020 1138 2125 Magantinenst
1174 2021 1303 2097 vinum

274 2143 323 2218 ad
344 2142 523 2216 minutum
550 2140 724 2215 vendenti
753 2161 876 2215 emere
903 2162 1050 2237 quoquo
1083 2140 1193 2213 modo
1217 2159 1302 2232 pre-

273 2258 395 2337 sumat
415 2259 532 2334 certis
551 2258 652 2355 penis
684 2257 834 2354 adjeuis
861 2257 894 2331 tir
918 2280 986 2353 pro
1026 2251 1302 2334 conservatione

275 2374 401 2451 statuti
431 2376 623 2450 memorati
651 2376 853 2450 ementibus
884 2372 968 2451 vasa
994 2388 1174 2469 ruperunt
1209 2391 1301 2445 non-

275 2492 399 2567 nullos
424 2486 643 2563 uerberibus
672 2486 873 2563 affecerunt
899 2489 932 2563 ἀ
959 2488 1096 2574 carceri
1117 2486 1302 2586 mancipo·

273 2620 364 2685 runt
386 2604 516 2679 deinde
540 2606 720 2700 quendam
745 2604 992 2700 presbiterum
1023 2627 1116 2704 equo
1135 2601 1299 2677 infiden-

276 2739 352 2805 tem'
379 2726 427 2799 ad
451 2726 681 2823 magistratus
706 2724 800 2824 ipsos
833 2748 902 2823 pro
936 2741 1042 2825 parte
1076 2724 1165 2804 cleri
1193 2707 1301 2818 super

273 2832 453 2938 premiiirs
481 2832 695 2911 destinatum
726 2835 773 2910 ab
800 2858 894 2932 equo
925 2838 1107 2913 violenter
1132 2837 1300 2909 detraxe·

272 2965 365 3029 runt
384 2971 428 3024 ac
451 2970 519 3045 per
545 2949 645 3025 vicos
666 2949 824 3026 civitatis
849 2949 1026 3050 Magum:
1051 2952 1172 3047 palam
1196 2948 1300 3022 velut

274 3077 457 3151 iatronem
481 3066 653 3168 usquead
672 3074 820 3162 domum
845 3073 1017 3152 scolastici
1036 3070 1299 3171 Magnutiuen·

273 3191 341 3283 iis,
367 3185 499 3284 quibus
532 3186 728 3289 i'acriiegijs
761 3214 833 3266 non
859 3191 1020 3267 contenti
1046 3207 1173 3287 portas
1207 3187 1300 3263 civi-

274 3312 360 3388 tatis
390 3309 610 3410 Mogontine
634 3309 840 3389 clauserunt
867 3338 909 3389 ac
931 3311 1047 3408 ipsum
1069 3313 1208 3388 clerum
1232 3306 1298 3386 sub
1343 3359 1347 3369 ·

270 3430 488 3531 captivitate
499 3454 566 3528 per
582 3454 716 3511 novem
734 3436 809 3510 dies
828 3435 889 3510 vel
908 3438 1004 3511 circa
1014 3434 1203 3511 continuos
1213 3452 1298 3509 cum
1395 3501 1399 3511 .

272 3544 338 3621 sua
357 3542 495 3624 inmissa
518 3545 754 3624 detinuerunt
774 3548 874 3624 laicis
901 3549 1048 3645 quidem
1066 3544 1225 3646 personis
1242 3546 1298 3621 in·

260 3658 428 3736 troitum
453 3657 647 3733 &exitum
670 3660 772 3737 urbis
811 3662 1043 3736 concedendo
1085 3658 1298 3758 presbiteris
1400 3653 1402 3658 ’
1468 3679 1472 3701 ’

272 3773 462 3854 autem&
506 3775 648 3880 clericis
679 3800 722 3858 ac
750 3798 879 3853 eorum
912 3776 1050 3852 famiiie
1087 3778 1298 3878 denegando

274 3886 450 3998 quosdam
477 3891 626 3989 insuper
647 3895 800 3970 ciericos
824 3897 915 3969 clam
945 3892 1081 3991 elapsos
1109 3896 1299 3973 retrahen-

271 4005 322 4075 do
352 4005 512 4105 aliasque
536 4030 644 4106 quam
677 4011 857 4104 plurimas
885 4012 1080 4087 violentias
1108 4010 1299 4088 inferendo

271 4108 310 4183 oz
327 4107 514 4217 sacrilegia
532 4116 793 4193 committendo
814 4134 970 4214 propter
993 4142 1063 4214 quo
1081 4124 1198 4197 clerus
1214 4139 1299 4213 pre·
1422 4128 1426 4140 '

271 4226 401 4321 dicius
414 4228 520 4333 juxta
551 4235 711 4315 formam
738 4235 827 4331 juris
853 4238 1066 4316 communis
1091 4237 1126 4312 tic
1150 4230 1299 4313 consue·

596 4385 599 4389 *
707 4352 791 4432 Dd
816 4374 861 4447 3·
1107 4349 1244 4429 tudinis
