3409 5117
730 531 1003 593 *im
1248 552 1324 648 :27¹

343 700 469 774 nolim
486 691 616 790 vicarij
632 692 743 769 nnllri
758 690 820 768 seu
838 688 950 785 officii
970 688 1168 776 vicariatus
1182 694 1307 774 locum
1322 716 1377 780 te.

343 816 467 887 nentis
484 812 630 887 lieentia
645 810 718 885 fine
738 812 870 885 litteris
889 808 1041 883 minime
1060 806 1194 888 hebius
1216 836 1289 893 non
1308 821 1376 902 ad-

343 928 533 1003 mittendis
547 949 592 1000 ac
605 925 810 1003 fertonibus
828 925 1043 1003 ultimarum
1058 928 1288 1009 voluntatum
1303 930 1374 1011 sol·
1465 987 1467 1006 .

344 1048 475 1119 vendis
491 1068 560 1120 nec
574 1064 646 1119 non
659 1042 895 1137 compuribus
909 1043 945 1118 d
960 1044 1164 1121 rationibus
1173 1053 1375 1130 earundem

344 1165 562 1238 ultimarum
581 1163 813 1235 voluntatum
833 1180 902 1257 per
918 1174 1135 1237 executores
1149 1162 1307 1263 desuper
1319 1166 1375 1260 sq.

343 1284 484 1358 ciendis
514 1280 671 1356 firmiter
695 1278 886 1357 observari
902 1279 1133 1358 volumus&
1157 1279 1374 1380 mandamus

343 1401 381 1475 dc
395 1400 655 1480 nichilominus
673 1398 778 1473 vobis
793 1395 964 1474 omnibus
985 1398 1024 1472 dr
1043 1396 1193 1504 singulis
1208 1400 1373 1503 supradi.

344 1521 415 1597 dlis
443 1516 508 1592 sub
532 1514 921 1594 excommunicationis
946 1511 983 1588 d
1011 1509 1248 1613 suspenlionis
1268 1522 1373 1619 penis

343 1632 1374 1739 tirmiter&distrisleprecipiendomandatnusnequis-

341 1779 457 1858 -quam
481 1753 640 1831 vestrum
665 1750 867 1848 Lumbasrjs
890 1750 971 1828 five
997 1753 1222 1834 vestimentis
1243 1761 1375 1860 excisis

342 1881 548 1980 pediotalia
566 1880 733 1975 patencia
760 1876 982 1956 ostendendo
1004 1892 1072 1951 aut
1094 1866 1373 1972 aliasveslibus

341 1994 594 2075 indecentibus
617 1993 789 2070 incedere
810 1993 936 2068 nullus
960 1991 1077 2067 eeiatn
1102 1994 1280 2094 plebanus
1300 2000 1374 2074 ali·

339 2136 456 2214 quam
472 2110 723 2187 commendam
740 2105 929 2183 deservire
940 2124 1008 2181 aut
1026 2105 1073 2182 ab
1092 2109 1244 2185 ecclesa
1258 2108 1373 2188 suase

339 2232 535 2309 absentare
551 2223 613 2301 seu
630 2224 865 2299 matrimonia
880 2222 1112 2320 temporibus
1122 2224 1319 2319 prohibitis
1332 2226 1372 2303 iu

341 2347 438 2425 facie
488 2340 638 2417 ecclesie
669 2333 897 2414 -intron'i'sare
930 2354 1008 2414 aut.
1046 2338 1180 2435 aliquis
1216 2340 1373 2444 clerico-

340 2484 436 2538 rum.
452 2456 618 2553 potestati
645 2449 800 2528 seculari
827 2450 1007 2547 conqueri
1031 2471 1160 2532 coram
1186 2448 1372 2566 judicibus

338 2566 563 2648 secularibus
583 2567 648 2637 de
679 2562 768 2659 jure
801 2557 867 2637 suo
880 2562 1064 2658 experiri
1093 2560 1218 2664 causas
1237 2588 1372 2650 coram

341 2689 504 2771 eisdem
494 2701 673 2763 intentare
690 2683 752 2759 vel
764 2680 978 2758 continuare
991 2655 1178 2786 presumat
1190 2702 1289 2764 nuta
1304 2685 1371 2765 lai·

340 2810 393 2896 cis
407 2826 532 2883 coram
548 2801 679 2877 eisdem
699 2796 882 2894 judicibus
899 2794 1125 2892 secularibus
1139 2792 1223 2876 se
1196 2802 1372 2880 conveni·

339 2947 384 3001 re
402 2920 596 3017 paciatur,
621 2909 770 3005 insuper
790 2910 861 2986 lide
874 2910 1073 3012 dignorum
1089 2915 1272 2991 relacione
1287 2937 1373 3014 per
1385 2949 1387 2954 ·

340 3036 517 3129 cepimus,
534 3026 634 3122 quod
647 3043 720 3096 non
737 3019 844 3094 multi
859 3021 984 3101 clerici
1002 3022 1109 3097 nobis
1122 3020 1275 3121 subjecti
1289 3032 1372 3126 qui-

339 3158 411 3232 bus
431 3152 532 3246 juxta
549 3137 759 3222 sanfforuiri
767 3149 927 3236 patrum
946 3136 1145 3218 sanniones
1167 3144 1203 3219 d'z
1224 3149 1371 3227 decreta

338 3271 494 3376 pacillce
512 3266 640 3340 vivere
660 3260 696 3337 oz
712 3261 847 3343 devota
864 3255 1040 3362 obsequia
1057 3262 1232 3364 precipue
1250 3265 1287 3342 in
1311 3294 1370 3347 ec·

339 3390 455 3484 cledis
468 3385 554 3461 Deo
570 3345 781 3476 persolvere
799 3375 977 3450 incumbit
999 3374 1044 3448 dc
1052 3378 1153 3473 quo'd
1179 3380 1397 3491 dfflstfll'iy

338 3511 410 3588 lius
436 3503 486 3580 eli
509 3494 622 3593 aliqui
643 3488 844 3590 presbiteri
862 3485 970 3564 sectis
993 3490 1152 3566 vestibus
1173 3510 1242 3589 pro
1261 3475 1370 3570 mini·

308 3619 311 3630 ¹
338 3619 451 3701 sterio
474 3614 598 3690 altoris
621 3608 669 3682 ad
691 3603 926 3682 celebrandas
950 3599 1071 3683 miliae
1084 3607 1235 3684 induti
1224 3631 1262 3685 ιιι
1283 3628 1370 3704 pte·

337 3740 456 3820 sentia
470 3735 646 3812 laieorum
667 3726 764 3799 inter
786 3720 821 3798 se
845 3724 1062 3798 contendere
1078 3725 1113 3800 di
1130 3723 1368 3824 despedluosts

337 3860 403 3935 vel
421 3850 530 3928 etiam
548 3838 797 3942 obprobrinsrs
819 3835 861 3912 se·
878 3853 1008 3912 mutuo
1027 3824 1177 3917 afficere
1196 3840 1368 3918 nonsot·

337 3978 482 4058 midant
494 3969 542 4056 ‚in
564 3955 637 4044 Dei
656 3956 916 4056 omnipotentis
938 3960 1049 4036 uollri
1067 3956 1257 4041 salvatoris
1276 3960 1369 4037 irre·

312 4079 550 4169 ''verencia'rn
578 4082 614 4160 a
640 4073 866 4155 ecclesiastici
889 4072 1000 4150 status
1035 4071 1207 4152 dedecus
1221 4076 1256 4151 dt
1281 4092 1370 4151 con-

309 4221 318 4308 ᾗ
337 4221 547 4310 temptum,
574 4222 645 4302 que
667 4196 775 4278 forda
799 4212 891 4275 auro
914 4194 1096 4305 preterire
1120 4190 1184 4275 seu
1209 4194 1370 4269 tolerate

1244 4332 1319 4390 ιιοιι
