3409 5117
626 538 635 549 ‘
666 541 937 608 mm
1192 561 1263 638 ms

240 699 242 704 ’
275 696 503 780 creditorum
520 722 588 785 nee
601 701 714 782 noslri
732 698 822 798 juris
839 697 1028 780 rationem
1038 700 1240 805 habentes,
1265 727 1313 786 ea
1433 778 1435 782 ,

273 838 435 919 propter
449 826 670 905 volumus&
691 823 929 920 mandamus,
954 807 1097 906 utmox
1110 828 1189 923 post
1202 829 1311 909 tello·

273 946 368 1023 toris
385 965 545 1029 mortem
560 972 684 1033 omnes
710 948 746 1028 dr
767 949 924 1050 singulas
944 972 1003 1032 ros
1020 951 1182 1035 defundi
1199 953 1235 1031 in
1251 954 1308 1031 in·

270 1070 445 1145 uentario
466 1088 691 1155 annotentur
714 1071 748 1150 dc
770 1070 835 1147 suh
867 1071 1161 1154 fideliclausura
1189 1076 1308 1153 custo·
1363 1109 1365 1113 >

273 1187 426 1271 niumm
439 1214 509 1269 nee
523 1190 693 1292 cuiquam
706 1189 749 1266 ad
766 1183 908 1267 easdem
927 1203 1051 1283 pateat
1065 1187 1234 1281 accessus,
1250 1190 1316 1266 ni·¹

273 1304 422 1404 chilque
439 1305 545 1387 nobis
560 1308 621 1385 uel
637 1302 778 1386 vicario
797 1301 921 1382 nostro
938 1302 975 1381 in
991 1302 1160 1384 consultis
1175 1326 1223 1383 cx
1238 1300 1306 1383 eis-

273 1420 359 1498 dem
376 1422 541 1503 alienaro
557 1422 717 1504 uendere
733 1415 871 1499 donare
892 1418 955 1494 uel
982 1419 1018 1496 in
1038 1415 1197 1501 solutum
1216 1423 1305 1498 dore
1336 1431 1346 1442 ·“
1462 1426 1468 1452 ’

271 1540 511 1643 presumant,
535 1543 678 1627 credita
695 1541 874 1640 liquidam
896 1538 1135 1624 Conscribant
1150 1541 1184 1622 ἀ
1201 1540 1249 1619 fic
1267 1539 1307 1618 se

269 1667 312 1750 se
327 1661 432 1739 nobis
448 1664 509 1740 vel
529 1660 668 1739 vicario
689 1660 812 1736 nostro
838 1654 1091 1756 representem
1107 1657 1192 1742 utsr
1216 1657 1306 1761 quid

271 1782 498 1867 difficultatis
523 1779 709 1861 occasione
731 1776 943 1860 rerumvel
969 1777 1307 1862 testamentiemer-

270 1896 376 1991 serit,
400 1897 513 1975 nichil
531 1895 683 2001 propria
694 1893 901 1975 temeritate
918 1911 1052 1996 agant,
1079 1894 1138 1973 sed
1155 1900 1252 1996 quod
1265 1897 1315 1975 in'

269 2013 429 2116 consiliis
454 2001 725 2093 vet'mandatis
760 2008 970 2106 receperint
995 2009 1033 2090 id
1059 2012 1216 2095 fideliter
1239 2035 1304 2091 cx·
1409 2085 1411 2089 ,

269 2146 478 2228 aquantur,
502 2128 698 2207 hortamur
721 2125 831 2206 etiam
852 2125 997 2205 eosdem
1022 2146 1235 2212 executores
1265 2131 1303 2209 dr
1354 2231 1359 2238 ,

267 2251 530 2343 mandendos,
554 2262 600 2328 ut
617 2245 799 2328 fertonem
818 2248 963 2346 argenti
986 2251 1160 2327 exolvunt
1183 2249 1220 2327 dc
1241 2271 1303 2325 ra·
1348 2235 1351 2244 ’

268 2373 409 2455 donem
423 2372 722 2449 testamentorum
732 2364 1014 2464 infra-tempora
1030 2371 1068 2452 in
1080 2369 1301 2453 sinodalibus
1443 2449 1447 2462 ,

228 2487 232 2492 ’
257 2487 493 2586 proeeffiuus
509 2484 698 2576 &statutis
716 2481 870 2562 diffinita
888 2481 953 2560 sub
974 2487 1075 2584 penis
1097 2486 1191 2567 inibi
1212 2510 1301 2565 con·
1402 2534 1406 2543 ,

267 2607 380 2706 teptis
402 2608 575 2698 reddant,
612 2603 697 2700 quio
713 2623 804 2680 vero
818 2604 1027 2700 complures
1052 2628 1098 2683 ex
1113 2604 1218 2682 uobis
1241 2604 1300 2683 su·

266 2724 410 2822 periuri
419 2744 513 2800 anno
530 2716 754 2797 decesserunt
767 2719 815 2797 de
826 2740 983 2817 quorum
998 2721 1218 2800 testamentis
1229 2726 1294 2799 ad-

265 2842 422 2920 modum
438 2840 547 2938 pnuci
563 2836 743 2917 rationem
762 2835 883 2915 adhuc
901 2837 1163 2932 reddiderunt,
1185 2840 1299 2919 idcir·

247 2977 313 3064 'co
329 2956 365 3032 de
379 2979 475 3035 nunc
487 2954 708 3055 precipimus
725 2948 895 3032 omnibus
912 2952 947 3030 dc
970 2952 1117 3055 singulis
1140 2957 1297 3037 Decanis

266 3070 306 3148 da
329 3076 546 3175 camerariis
568 3077 687 3156 nostre
706 3071 853 3151 diocefis
873 3089 1050 3172 quatenus
1072 3078 1297 3172 presbitero·

265 3207 352 3268 rum
365 3189 487 3295 in'suis
503 3190 667 3291 Ecclefijs
687 3191 747 3264 vel
765 3187 943 3285 Capitulis
962 3183 1295 3275 defunctorumno·

265 3308 369 3386 mina
397 3310 550 3405 proprio
582 3308 679 3385 diem
706 3302 851 3396 obitus,
887 3298 950 3401 qui
974 3304 1072 3386 infra
1098 3331 1234 3393 annum
1258 3299 1309 3388 dc

264 3418 428 3521 mensem
444 3426 637 3507 retroailis
659 3424 887 3521 temporibus
909 3423 1131 3521 decesserunt
1151 3428 1184 3522 de
1208 3451 1294 3529 pre·

264 3552 371 3617 terea
388 3536 678 3641 executurum&
702 3535 976 3614 mauufidelium
1001 3537 1201 3623 eorundem
1227 3563 1295 3619 no·
1380 3611 1382 3616 s

261 3660 366 3738 mina
381 3654 479 3735 infra
501 3657 631 3734 mensis
650 3651 806 3751 spatium
833 3656 1060 3736 annotare&
1083 3657 1293 3755 presentare
1372 3647 1375 3662 ⁸

260 3782 480 3880 procurent,
506 3773 597 3850 did
618 3768 733 3872 ipsum
757 3770 864 3847 etiam
888 3773 925 3849 in
949 3772 1116 3852 futurum
1142 3776 1293 3877 fociant,

259 3914 309 3971 ne
330 3883 431 3989 quod
453 3888 567 3984 absrt,
599 3892 748 3991 aliquod
770 3888 1020 3964 testamentum
1041 3886 1294 3992 supprimatur

228 4089 231 4093 ,
258 4002 299 4083 dr
322 4001 350 4083 fi
374 4001 439 4115 qui
464 4022 678 4085 executores
703 4004 763 4080 uel
784 4003 1019 4080 mauuiideles
1047 4020 1189 4098 tempus
1208 4007 1292 4083 red·

258 4112 379 4202 dende
397 4125 562 4203 rationis
588 4124 795 4201 transierint
820 4124 880 4199 uel
914 4122 1092 4201 ferronem
1127 4123 1291 4200 nondum

255 4236 503 4370 prostiterint,
536 4238 679 4325 coldcm
703 4238 809 4315 nobis
832 4238 928 4320 inira
949 4237 1291 4322 idemdenuntient

303 4465 305 4472 Ι
395 4443 400 4498 ι
706 4354 743 4435 x
769 4376 788 4449 3
1146 4368 1242 4435 iem·
