3409 5117
451 565 530 643 270
794 547 1066 610 Um

324 741 327 760 ·
402 710 494 812 uino
506 706 621 788 cultui
636 702 883 806 ascriptorum
896 707 1035 784 intente
1048 706 1288 812 cogitationis
1302 711 1443 791 aeliani

403 832 640 908 extendentes
663 852 708 904 ac
729 829 850 904 nolite
873 825 1173 905 consideracionis
1193 830 1371 926 intuitum
1396 836 1444 910 ad

403 933 640 1022 ecclesiastice
670 939 860 1043 religionis
886 940 923 1016 in
945 940 1111 1039 ecclesiis
1135 944 1241 1022 nobis
1268 943 1442 1046 subjeetis

402 1072 644 1162 augmentum
658 1055 692 1131 d
707 1053 1021 1133 conservationem
1040 1073 1297 1156 retorquentes
1314 1063 1441 1138 animo

264 1191 267 1203 '
353 1192 358 1204 '
397 1176 636 1266 ,revolvimus
653 1174 764 1275 longe
780 1173 1006 1271 experientia
1022 1172 1224 1268 informati,
1250 1180 1355 1274 quod
1369 1176 1443 1255 sce·

403 1303 526 1392 lerutn
551 1300 846 1397 impensasque
881 1301 1064 1376 malorum
1096 1320 1218 1380 armat
1247 1305 1440 1381 audaciam

403 1410 634 1518 bdnisquedt
658 1416 757 1513 juliis
780 1415 905 1494 transit
922 1417 960 1495 in
983 1437 1115 1515 penam
1141 1420 1178 1495 dt
1205 1421 1339 1520 pertale
1358 1421 1441 1521 sup·

282 1593 284 1600 ·
300 1561 302 1568 ·
398 1540 557 1638 :plicium
573 1535 765 1634 puniendis
781 1536 951 1634 remittit,
971 1555 1050 1614 tem
1066 1539 1251 1635 pubiicum
1262 1543 1438 1638 precipue

406 1654 676 1742 ecelefiallicnm
689 1655 903 1754 religionem
917 1652 1109 1734 confundit
1122 1655 1158 1734 de
1169 1661 1337 1755 detrun,
1353 1684 1438 1739 nam

396 1775 571 1876 specialis
588 1774 851 1871 preeminentle
865 1774 982 1875 gradu
995 1775 1042 1849 ad
1058 1775 1182 1888 regale
1196 1774 1438 1855 sacerdotium

408 1889 532 1974 vocati
550 1911 589 1968 ut
603 1889 917 1991 providaeorum,·
932 1891 1197 1990 dispensatione
1211 1900 1316 1992 plebs
1343 1901 1439 1980 chri·

406 2021 521 2100 iliona
536 2009 922 2116 gubernetur,·verbo
943 2031 1093 2110 quoqne
1110 2012 1147 2090 tit
1165 2017 1339 2114 exemplo
1355 2043 1439 2116 pro-

408 2136 573 2222 licerenn
596 2131 748 2206 illorum
767 2128 987 2206 detestabilis
1007 2131 1084 2206 vita
1099 2133 1335 2211 christianam
1354 2140 1438 2215 reli·

408 2261 556 2362 pionem
572 2252 786 2353 profitentes
801 2252 850 2329 ad
871 2251 1097 2332 ecclefialiiei
1118 2255 1229 2333 status
1251 2278 1439 2362 contemp·

408 2401 488 2459 tum
520 2378 557 2453 de
584 2378 742 2476 deniqne
762 2376 838 2452 'Dei
871 2378 1131 2476 omnipotentis
1157 2380 1439 2465 irreverentiam

397 2514 592 2604 ¹provocat
607 2494 643 2571 a
658 2497 697 2572 in
719 2495 846 2573 divino
862 2493 1036 2596 obsequio
1053 2497 1299 2597 persolvendo
1313 2505 1438 2585 remis·

394 2622 465 2701 ‘sos
481 2618 612 2708 efficit,
639 2637 704 2691 nos
721 2631 898 2713 quantum
918 2613 1102 2713 possumus
1123 2595 1293 2730 premissa
1311 2645 1438 2724 preca·

393 2755 501 2811 'vere
522 2728 558 2806 dr
577 2730 648 2806 illis
664 2729 820 2814 obviare
837 2733 1002 2810 volentes
1027 2735 1130 2811 dene
1155 2736 1299 2841 stinguis
1318 2739 1438 2820 subdi·

411 2875 536 2933 torum
553 2845 761 2942 nostrorum
777 2851 882 2953 juxta
896 2853 1076 2954 prophete
1094 2856 1232 2935 dietum
1250 2863 1298 2934 de
1311 2867 1437 2943 nostris

411 2970 578 3053 manibus
595 2967 828 3064 requiratur,
851 2965 1057 3065 processum
1077 2971 1113 3047 in
1127 2976 1299 3071 proxima
1316 2980 1438 3060 sinodo

402 3088 553 3187 jubilate
568 3089 653 3164 anni
668 3093 846 3167 currentis
866 3114 889 3167 a
906 3091 1009 3168 nobis
1032 3092 1195 3171 emiliana
1219 3097 1255 3173 tit
1276 3103 1439 3196 publiea·

411 3232 490 3289 tunt
505 3231 588 3285 curn
606 3211 774 3284 omnibus
792 3212 828 3286 tit
844 3211 990 3315 fingulis
1007 3214 1044 3288 in
1062 3214 1126 3289 illo
1138 3225 1317 3298 contentis
1335 3226 1438 3302 inno·

402 3324 590 3406 namus&
615 3329 815 3421 repetimus
839 3350 884 3406 ac
905 3332 1061 3410 eundem
1075 3355 1145 3429 pro
1164 3338 1329 3433 repetito·
1345 3344 1384 3420 de
1401 3346 1439 3424 in

411 3463 549 3524 novato
567 3446 761 3540 omniaque
778 3446 813 3520 dt
830 3445 971 3549 stngula
989 3450 1026 3527 in
1043 3473 1087 3528 eo
1109 3472 1280 3534 contenta
1295 3460 1362 3537 sub
1376 3485 1437 3561 pe·

412 3568 467 3643 nis
482 3562 515 3635 liz
531 3560 689 3635 cenl'uris
707 3563 797 3638 inibi
811 3565 985 3661 exprelsts
1002 3568 1225 3671 &precipue
1240 3578 1286 3650 de
1305 3600 1436 3659 concu-

414 3682 559 3755 binatus
585 3676 908 3784 vitiomereantijs
930 3686 1244 3786 negociationibus
1267 3690 1436 3775 seculari·

414 3786 482 3867 bus
499 3790 791 3892 aliisque'p'ravis
808 3795 1029 3881 vanitatiu‘ds
1050 3799 1093 3883 ac
1107 3808 1266 3886 tabernis
1284 3810 1361 3890 stre
1372 3819 1434 3893 ho·

411 3908 531 4010 spicijs
554 3914 713 4012 publicis
732 3920 889 4008 vitandis
907 3922 1042 4005 scilieet
1066 3926 1202 4028 absque
1223 3933 1435 4025 necessitatis

413 4027 519 4106 causa
539 4056 612 4110 non
627 4033 914 4137 frequentandis,
940 4041 1188 4150 questionarijs
1208 4069 1358 4154 quoque
1381 4054 1437 4138 seu

394 4149 554 4230 ,clericis
572 4156 779 4257 peregrina
797 4157 886 4238 dein
902 4162 1023 4246 aliena
1037 4162 1436 4261 diocestordinatisstne

454 4319 469 4334 ··
513 4322 519 4338 ι
664 4306 669 4313 ·
1325 4310 1391 4372 no-

1473 4495 1478 4666 l
