3409 5117
456 570 528 647 420
792 531 1063 624 mmm

411 714 575 818 legitime
598 716 772 794 deuolute
794 740 913 817 neque
934 719 972 794 in
986 720 1115 796 eodem
1140 721 1185 795 de
1202 718 1298 817 ioris
1327 722 1437 805 oeces-

410 836 511 915 sstate
542 839 730 917 tradiande
751 840 813 917 sen
835 844 950 919 eciam
981 841 1159 940 finiende,
1185 846 1225 920 ln
1257 846 1331 921 fine
1356 871 1437 923 vero

412 949 769 1028 didlecommiffionis
784 951 859 1028 ssve
873 949 1145 1050 supplicationis
1165 958 1297 1033 cedule
1314 958 1438 1056 scripta

412 1080 517 1139 etant
540 1066 583 1139 de
623 1066 772 1142 alterius
806 1088 937 1141 uranus
967 1066 1075 1142 litera
1108 1065 1294 1162 superiori
1328 1073 1438 1148 littere

414 1176 521 1274 ipfius
543 1178 669 1253 cedule
688 1179 831 1273 penitus
857 1177 891 1252 dt
918 1180 1066 1255 omnino
1087 1178 1246 1256 diffimili
1268 1184 1302 1259 dt
1322 1185 1481 1304 diver-

412 1292 448 1371 sa
480 1297 548 1370 hec
579 1292 695 1369 verba
728 1292 922 1382 videlicet,
961 1293 1103 1370 Audiat
1145 1257 1481 1383 Archidiaconur

408 1410 583 1491 pretends
602 1409 689 1484 citet
703 1423 743 1483 ut
765 1409 905 1504 petitur
927 1410 1036 1487 etiam
1060 1434 1126 1508 per
1143 1415 1307 1491 edictum
1332 1416 1481 1512 deju-

286 1607 290 1620 ,
412 1528 547 1605 sticiam
575 1522 704 1616 faciat,
745 1524 856 1619 Cujus
890 1526 1036 1623 quidem
1073 1529 1335 1605 eommiffionis
1359 1548 1481 1626 pre

411 1654 513 1716 textu
540 1658 606 1732 per
628 1634 749 1709 nosdc
778 1658 901 1709 coram
933 1634 1076 1710 nobis
1065 1662 1101 1712 m
1132 1638 1236 1714 causa
1265 1639 1299 1713 dr
1332 1629 1481 1716 cause
1479 1673 1481 1680 1

345 1827 348 1832 .
410 1758 618 1860 hujusmodi
643 1759 688 1829 ad
722 1753 855 1829 uiuam
893 1751 1031 1833 sacram
1059 1755 1083 1832 s
1085 1765 1224 1836 nodum
1258 1761 1436 1839 devolutis

411 1875 592 1950 decoram
615 1864 718 1942 nobis
757 1866 920 1964 legitime
953 1867 1171 1945 introductis
1199 1870 1438 1968 interponet

412 2001 448 2074 in
475 1986 723 2066 commiffione
745 1983 821 2079 ipsa
848 1984 1043 2081 descriptas
1068 1986 1128 2063 seu
1156 1991 1282 2065 verius
1315 2011 1438 2065 earum

411 2113 594 2217 legitimos
631 2121 890 2205 procuratores
926 2107 1073 2204 aliquali
1108 2109 1320 2187 continuam
1355 2130 1436 2207 pro·

411 2236 502 2315 celin
524 2226 783 2328 subsequenter
804 2226 947 2303 finodus
974 2228 1114 2326 prefata
1132 2232 1313 2327 quandam
1332 2233 1437 2308 aliam

410 2349 663 2431 commisionis
673 2346 749 2423 five
765 2342 1043 2442 supplicationis
1069 2351 1234 2425 cedulam
1253 2349 1360 2425 nobis
1375 2368 1439 2445 per

279 2466 290 2474 ’
336 2513 361 2540 ···
388 2483 550 2548 ’certum
569 2462 645 2557 ejus
672 2456 857 2537 cursorem
875 2457 1075 2555 presentari
1096 2459 1184 2539 fecit
1202 2487 1311 2561 quam
1327 2465 1455 2541 etiam

299 2642 307 2659 .
359 2585 367 2594 “
411 2590 627 2659 reverenter
660 2587 699 2646 ut
726 2571 849 2645 decuit
882 2570 1087 2667 recepimus
1117 2584 1284 2650 tenorem
1308 2572 1370 2670 qui
1390 2569 1439 2644 sc·

412 2695 536 2789 quitur
580 2683 849 2775 continentem,
900 2684 1107 2779 Exponitur
1137 2684 1183 2760 tt.
1216 2684 1253 2761 t.
1294 2685 1340 2760 V.
1374 2706 1438 2780 pro

412 2820 517 2904 parte
552 2798 746 2875 humilium
794 2796 1014 2871 devotorum
1047 2798 1253 2876 vestrorum
1282 2792 1440 2894 Capituli

413 2922 448 2998 dr
470 2920 557 2998 cleri
584 2910 875 3015 Maguntinensrs
902 2935 944 2989 ac
974 2910 1213 3008 personarum
1242 2916 1440 2990 earundem

413 3030 710 3126 communiter&
738 3028 878 3103 dividui
910 3028 1118 3124 quodlicet
1145 3030 1350 3125 capitulum
1375 3036 1440 3109 cle·

412 3178 474 3233 rus
498 3154 531 3227 dr
555 3148 706 3247 persone
728 3148 870 3242 pretate
890 3147 909 3221 a
932 3164 1032 3223 tanto
1062 3166 1229 3245 tempore
1255 3150 1360 3248 cujus
1377 3154 1440 3229 ini-

412 3276 457 3371 cij
483 3295 553 3347 non
575 3271 624 3344 est
648 3268 684 3342 in
712 3268 901 3341 hominum
926 3269 1103 3343 memoria
1124 3267 1263 3344 suerint
1288 3270 1324 3345 in
1346 3270 1440 3367 paci-

412 3391 478 3465 lica
493 3383 703 3483 polleilione
719 3384 777 3455 vel
797 3380 892 3476 quasi
908 3380 998 3481 juris
1022 3384 1209 3484 privilegi}
1234 3382 1269 3458 dt
1288 3383 1438 3457 liberta·

410 3514 454 3587 tis
476 3509 620 3583 bladum
638 3502 764 3577 uinum
792 3499 825 3574 d
846 3499 1071 3578 frumentum
1091 3504 1257 3599 aliosque
1278 3502 1438 3578 redditus

312 3707 314 3712 ,
413 3630 446 3702 dr
468 3638 669 3725 prouentus
696 3640 742 3694 ex
764 3616 947 3715 beneficiis
977 3618 1047 3695 suis
1072 3623 1331 3715 undecumque
1356 3641 1439 3713 pro.-

413 3744 644 3823 uenientibus
669 3741 714 3812 ad
741 3737 928 3813 civitatem
951 3738 1209 3839 Magtrntinam
1237 3734 1442 3813 ducendi&

412 3866 570 3943 vellendi
591 3861 682 3939 inibi
715 3857 918 3953 reponendi
952 3883 1019 3936 nec
1045 3883 1116 3935 non
1139 3860 1185 3933 ad
1217 3858 1380 3959 grossum
1408 3858 1440 3934 dt

343 4003 345 4009 ·
412 3979 591 4052 minutum
617 3972 798 4049 vendendi
822 3995 865 4047 ac
888 3967 1014 4047 rursus
1031 3964 1207 4042 educendi
1226 3966 1346 4042 libere
1361 3970 1440 4047 abs·

413 4111 483 4187 que
515 4084 666 4213 alicuius
692 4081 778 4179 datij
804 4079 956 4176 pedattij
990 4074 1152 4179 guidagij
1180 4074 1343 4177 Angarij
1359 4100 1439 4199 per·

410 4200 552 4303 angori]
585 4192 794 4272 sondinavis
825 4188 1018 4296 vestigalis
1046 4199 1112 4304 aut
1144 4185 1298 4261 alterius
1326 4188 1444 4287 cujus·

1239 4315 1391 4396 cunque
