3409 5117
664 512 936 581 mm
1009 482 1018 494 ο
1088 555 1093 574 ·
1191 539 1263 618 275

283 675 393 765 dote,
419 689 529 772 quam
542 691 590 751 cx
604 673 704 752 ueste
721 654 795 774 que
812 678 942 756 statum
965 668 1314 781 suumneouaquam
1350 739 1353 744 ·

280 799 427 884 decent,
457 818 504 874 cx
520 797 618 874 vesta
634 799 782 897 inquam
797 803 985 883 inhonesta
1000 806 1074 885 levi
1091 829 1187 885 vana
1204 807 1238 882 ἀ
1255 810 1320 890 lu·.

282 913 445 993 dibriosa
460 918 507 992 ad
522 917 593 1017 boc
606 917 817 996 audivimus
830 926 1006 1017 quosdam
1026 921 1230 1001 sacerdotes
1246 952 1311 1003 no·
1405 986 1412 1000 ,

282 1024 424 1106 diurnis
441 1030 670 1126 temporibus
684 1052 770 1108 cum
789 1035 952 1113 clamore
972 1037 1125 1134 slrepitu
1148 1042 1321 1121 tumultu.

281 1146 432 1223 lal'civia
449 1147 584 1245 absque
600 1149 700 1226 omni
713 1150 856 1246 pudore
874 1171 943 1251 per
964 1155 1103 1253 plateas
1119 1143 1226 1254 huius
1241 1154 1309 1234 iro·

280 1270 353 1351 stre
366 1291 411 1347 ac
425 1271 581 1348 aliarum
595 1270 744 1349 diocesis
761 1267 927 1368 spirensis
945 1273 1137 1354 civitatum
1150 1275 1310 1352 circum·

280 1387 414 1489 vagari
436 1387 580 1484 &quast
598 1410 682 1465 cum
698 1395 855 1487 quadam
878 1392 999 1494 gloria
1014 1390 1203 1489 jubilando
1222 1412 1320 1488 per-¹

279 1510 474 1585 ambulare
488 1524 673 1604 tamquam
697 1508 817 1587 audiri
840 1507 1066 1612 &cognosci
1089 1532 1136 1586 cx
1154 1507 1310 1608 propria

279 1651 376 1706 uoce
394 1628 594 1722 cupiantur
610 1644 796 1727 tamquam
813 1630 975 1707 letentur
992 1651 1076 1706 cum
1098 1632 1194 1736 male
1209 1628 1308 1707 sece-

280 1754 358 1831 rint
375 1748 410 1824 dr
426 1751 589 1829 exultent
605 1749 642 1826 in
657 1750 768 1825 rebus
790 1749 970 1846 palfimis,
1002 1763 1112 1847 turpe
1127 1749 1177 1825 est
1189 1750 1225 1825 da
1239 1772 1307 1825 no-

277 1866 334 1944 bis
366 1866 613 1944 intollerabile
643 1867 742 1965 quod
773 1863 942 1944 sacerdos.
962 1866 1044 1945 Deo
1076 1863 1307 1949 consecratus

277 1987 362 2066 Deo
387 1982 485 2083 patri
506 1981 621 2061 lilium
639 1981 743 2058 suum
769 1980 924 2061 offerens
946 1985 1086 2082 populo
1106 1987 1305 2081 predicans

275 2101 355 2202 ipse
375 2100 466 2179 alios
488 2097 652 2174 sermone
676 2097 881 2195 corripiens
909 2102 954 2176 de
975 2104 1305 2203 tantapetulantia

276 2220 442 2321 nequltia
455 2216 683 2315 turpitudine
698 2214 819 2289 notari
835 2212 872 2289 dr
887 2235 931 2289 ea
947 2212 1025 2290 vita
1035 2212 1203 2294 infamari
1221 2219 1305 2316 pos·

229 2375 231 2377 ’
272 2341 338 2436 fit,
366 2359 476 2438 quam
495 2330 696 2411 lenones&
715 2329 862 2409 lidlores
878 2351 1004 2412 coram
1022 2337 1199 2434 gravibus
1214 2364 1301 2438 per.

273 2453 371 2535 sonis
388 2453 622 2530 abhorreret.
674 2449 879 2525 Hortamur
895 2468 1084 2526 monemus
1100 2451 1133 2526 δι
1149 2453 1302 2534 interdi-

273 2576 392 2653 cimus
407 2551 473 2644 sub
495 2558 729 2663 suspensionis
746 2563 1130 2644 excommunicationis
1157 2592 1201 2651 ac
1219 2573 1301 2673 aliis

272 2685 482 2783 arbitrariis
499 2686 570 2781 per
586 2705 654 2761 nos
671 2679 732 2757 vel
747 2680 929 2756 vicarium
951 2680 1119 2761 nostrum
1134 2688 1171 2764 in
1195 2687 1303 2786 spiri-

272 2805 437 2883 tualibus
461 2798 666 2901 infligeudis
686 2798 788 2893 penis
812 2794 1051 2903 sententiis&
1076 2802 1234 2884 censuris
1261 2823 1302 2886 ut

273 2929 322 3003 de
339 2937 462 3000 cetero
478 2916 526 2993 ab
549 2916 759 3018 hujusmodi
774 2908 1090 2991 discursitiouibus
1111 2913 1301 3001 &clamo-

271 3045 378 3124 ribus
396 3035 584 3115 nodlurnis
596 3037 816 3136 abstineant,
842 3029 981 3127 quodsi
1001 3030 1038 3107 in
1055 3033 1123 3133 hijs
1136 3056 1201 3113 aut
1217 3042 1299 3139 aliis
1402 3123 1405 3130 ,

235 3233 239 3254 ,
273 3148 1301 3259 quibuscumqueetrceffibusdequibusmultiplicespro-

268 3265 387 3347 celsus
407 3267 629 3340 audiverunt
647 3255 746 3338 forte
766 3257 979 3358 deprehensi
1002 3257 1162 3356 fuerint,
1187 3264 1300 3348 sciant

271 3381 311 3461 se
335 3379 370 3457 dr
392 3380 494 3455 nullo
516 3376 625 3472 pacto
645 3376 814 3451 dubitent
836 3371 964 3449 severa
986 3370 1021 3447 dr
1041 3376 1173 3454 merita
1190 3384 1299 3480 puni.

270 3502 374 3577 tione
387 3495 596 3574 afficiendos
613 3493 649 3571 de
665 3516 730 3571 nus
754 3491 965 3571 tarditatem
983 3490 1150 3593 supplicii
1170 3500 1299 3598 gravi.

269 3631 349 3694 tate
362 3606 673 3705 compensaturus.
720 3608 971 3685 Exhortamur
986 3609 1096 3687 etiam
1113 3612 1299 3691 inDomi·

267 3752 320 3809 no
336 3722 437 3825 jbelir
449 3726 682 3800 obsecramus
698 3739 739 3798 ut
754 3719 974 3799 consessores
990 3741 1199 3822 peccatores
1209 3711 1325 3808 conf
1352 3741 1354 3745 ·
1464 3745 1471 3770 ν

267 3839 379 3923 sessos
393 3857 458 3915 aut
474 3856 622 3936 peccata
647 3840 699 3914 eis
717 3837 756 3911 in
772 3834 991 3914 confeffiane
1011 3839 1154 3915 detecta
1177 3866 1298 3942 neque
1383 3899 1387 3915 ,
1415 3837 1418 3848 “

268 3958 393 4037 verbo
408 3974 525 4052 neque
540 3971 630 4030 nutu
650 3969 713 4028 aut
727 3948 829 4053 ligno
844 3953 1031 4049 publicent
1045 3958 1204 4051 prodant
1219 3982 1299 4036 rna·

267 4071 439 4153 nisestent
454 4092 572 4169 neque
588 4090 658 4165 pro
674 4066 830 4162 publicis
849 4066 885 4141 dr
909 4067 1062 4165 notoriis
1082 4071 1297 4154 criminibus
1353 4151 1356 4161 ,
1380 4181 1383 4188 Ι
1421 4121 1431 4131 ,

252 4188 475 4282 occultam,
498 4206 619 4284 neque
641 4204 717 4283 pro
741 4182 892 4367 orgcultis
913 4182 949 4261 u
971 4181 1117 4264 secretis
1139 4192 1297 4375 peclclatis

562 4337 567 4343 κ
714 4339 722 4355 =
814 4313 839 4369 a
1126 4307 1201 4396 pub
1221 4301 1248 4360 ‘-
