3409 5117
703 525 970 593 m
1249 541 1295 630 9¹

327 704 397 805 De
422 695 566 817 Officio
585 715 695 824 pune
721 697 788 810 seu
803 703 1017 790 cummunis
1042 697 1353 804 Prebnnamn.

332 903 467 1072 Cum
483 896 649 972 Decanus
665 895 810 972 ecciefie
826 898 945 974 nostre
967 912 1008 974 ut
1033 898 1159 976 unicus
1186 902 1348 995 prelatus

427 1015 569 1116 primus
597 1011 632 1088 dr
652 1016 799 1092 ultimus
822 1015 860 1090 iu
885 1015 1000 1092 choro
1031 1015 1100 1092 eisc
1121 1034 1290 1106 teneatur
1315 1019 1353 1099 dr

332 1125 409 1226 aiijs
436 1128 561 1206 multis
585 1127 680 1204 euris
707 1131 803 1208 circe
826 1129 1009 1208 ecclesran't
1027 1131 1079 1208 .srt
1105 1132 1291 1210 involutus
1309 1125 1353 1222 ,ἃ
1454 1217 1463 1230 ,

333 1243 413 1322 ideo
426 1263 468 1323 ut
483 1246 562 1343 aiijs
577 1245 614 1322 in
631 1245 785 1345 ecclesiis
799 1246 956 1332 ciuitatis
971 1246 1246 1328 Wutruatieusrr
1259 1250 1353 1328 ide·

334 1360 467 1440 latione
486 1351 605 1462 Officij
621 1382 726 1462 purte
741 1364 801 1444 seu
818 1367 1066 1450 communiunt
1080 1367 1354 1465 ¹prebendarum

336 1492 529 1580 merito-‚iit
546 1505 762 1570 exoneratus
780 1514 825 1568 ne
840 1493 884 1568 de
895 1509 1019 1572 cetero
1035 1490 1239 1576 differentia
1258 1495 1353 1570 orie·

338 1625 394 1688 tur
412 1612 510 1688 inter
525 1607 615 1685 elios
634 1606 831 1684 canonicos
847 1609 894 1684 ad
910 1629 1019 1706 quern
1033 1605 1251 1706 speeretpro
1264 1622 1354 1686 tern-

338 1749 424 1824 pore
442 1745 545 1802 nnus
573 1721 713 1802 serendi
736 1722 942 1822 hujusmodi
963 1721 1096 1820 officii,
1117 1746 1183 1802 nor
1212 1743 1354 1814 morem

339 1837 541 1918 aliarum&
558 1835 664 1934 hujus
676 1836 906 1926 ecelesiarum
922 1837 1096 1920 hedenus
1123 1834 1355 1922 observatum

341 1950 512 2030 imitando
535 1938 718 2026 statuimus
735 1949 1000 2030 &ordinamus
1018 1971 1086 2048 per
1111 1948 1292 2056 presentes
1314 1971 1355 2046 ut

342 2069 458 2174 junior
476 2066 677 2144 Canonicus
702 2066 921 2162 capitularis
945 2086 1015 2164 pro
1038 2079 1205 2164 ternpore
1230 2068 1354 2166 hnjnn

343 2185 434 2263 uredi
451 2183 611 2260 officium
626 2187 732 2279 porte
746 2180 823 2259 five
850 2177 1012 2283 granarij
1026 2198 1090 2258 aut
1106 2185 1354 2276 communium

346 2302 607 2404 prebendarum
621 2320 689 2397 per
711 2298 745 2373 se
766 2302 825 2376 vel
845 2297 957 2381 ulium
982 2314 1130 2395 portare
1146 2315 1256 2398 utque
1271 2300 1356 2398 subp

346 2427 390 2504 ire
406 2425 515 2500 debet
538 2423 573 2496 dr
597 2436 763 2496 teneatur
786 2417 821 2494 dr
843 2419 934 2496 iliud
950 2418 1046 2497 tana
1066 2430 1135 2516 p'er
1160 2425 1354 2512 antecessu,-

346 2557 414 2614 rem
430 2535 535 2614 suurn
550 2534 677 2610 ultima
692 2532 962 2629 computatione
984 2532 1080 2612 circe
1095 2531 1226 2616 festum
1243 2535 1355 2620 sandi

347 2653 524 2750 Laurentii
551 2666 740 2746 acceptare
762 2670 830 2747 per
851 2665 924 2728 tres
942 2645 1017 2726 dies·
1044 2655 1278 2750 precedentes
1302 2656 1355 2736 fe.

347 2777 428 2854 stum
444 2765 680 2852 antedictum
699 2763 770 2842 fine
792 2765 908 2865 phara
927 2767 968 2843 dt
982 2767 1165 2866 completo
1185 2792 1302 2867 enno,
1329 2771 1357 2854 ii

348 2897 426 2970 eiius
454 2915 499 2968 eo
527 2885 651 2989 junior
681 2906 754 2963 nou
779 2902 1010 2986 occurreret,
1044 2888 1137 2964 nlius
1174 2890 1357 2989 gradatim

346 3005 559 3086 ascendendo
577 3024 600 3078 a
627 2993 727 3078 uitte‘
743 2999 887 3104 juniore
904 3002 1087 3080 canonico
1105 2998 1280 3103 usquead
1304 3007 1357 3088 se·-

346 3131 478 3206 niorern
506 3118 726 3199 Canonicunn
756 3115 929 3197 inciuiive
949 3120 1108 3199 officium
1132 3125 1358 3204 antedictum

348 3236 619 3329 serrenabebit,
643 3233 670 3312 st
694 3257 784 3315 veru
809 3230 1066 3333 superveniret
1081 3238 1220 3340 interea
1234 3238 1358 3337 junio'r

345 3357 557 3450 eanonicus,
580 3355 678 3453 quod
694 3356 783 3430 ordo
802 3352 1098 3455 interciperetur,
1121 3355 1356 3434 nihilominus

345 3475 440 3559 finito
460 3469 669 3570 hujusmodi
684 3468 835 3569 junioris
857 3491 974 3564 anno,
999 3468 1156 3547 thurnus
1174 3469 1250 3546 five
1266 3475 1358 3550 ordo

346 3593 400 3670 ubi
411 3587 597 3686 dimiffunn
620 3585 741 3665 extitit
758 3585 1031 3664 continuabitur
1044 3587 1175 3666 totiens
1191 3589 1358 3685 quotient

344 3701 374 3784 id
390 3698 527 3780 neeesse
542 3697 677 3786 fuerit,
700 3696 747 3774 Et
760 3696 949 3795 postquam
966 3693 1087 3774 senior
1104 3718 1174 3798 pru
1193 3711 1361 3794 ternpore

343 3839 384 3910 etr
399 3812 498 3910 ditio
508 3806 652 3890 ascensu
661 3808 868 3906 hujusmodi
885 3806 1042 3886 officium
1057 3809 1264 3906 portaverit
1280 3829 1359 3884 rno-

341 3941 383 4034 dn
399 3929 526 4038 junior
542 3945 610 4026 pro
627 3942 793 4024 ternpore
810 3924 961 4002 existens
985 3924 1149 4004 ordinem
1172 3940 1361 4026 retrogra-

339 4053 424 4136 durn
438 4043 630 4142 reincipiet
642 4038 752 4142 usque
765 4040 811 4117 ad
821 4037 999 4118 seniorem
1008 4055 1049 4117 ut
1057 4035 1294 4140 prescribitur
1310 4056 1362 4117 te·

337 4181 446 4253 uetur
460 4143 587 4244 eudem
605 4153 721 4236 didius
731 4150 908 4236 officietur
918 4153 956 4240 in
963 4175 1057 4236 enno
1067 4155 1111 4230 de
1121 4153 1276 4254 receptis
1293 4153 1362 4238 fin.

1213 4275 1311 4385 gulis
