3409 5117
553 497 577 514 ”
701 535 968 597 Μ
1252 551 1298 627 93

396 699 591 784 Item'ante
608 696 729 774 amnia
745 695 933 774 Officiatus
949 657 1058 772 debet
1076 697 1248 776 exolvere
1260 718 1351 795 pen.

326 825 442 905 frolles
461 828 495 901 dr
513 827 549 898 in
566 821 653 899 sesto
671 817 782 894 sausli
802 819 944 894 Thome
966 818 1002 893 in
1018 818 1204 919 diligentia
1221 815 1283 893 sua
1295 816 1349 895 se·

326 945 471 1041 quentis
496 940 580 1015 anni
602 951 746 1012 tenetur
767 932 1033 1043 recognitiones
1051 932 1260 1032 presentare
1280 929 1347 1010 sub

327 1087 421 1163 pena
436 1055 683 1158 suspensuris.
782 1157 784 1164 Ι

400 1225 494 1300 Item
519 1220 547 1298 fi
570 1216 785 1295 Officiatus
775 1242 811 1294 rn
834 1215 961 1295 ordine
983 1212 1349 1299 sevelletrbsentare

328 1338 386 1412 vel
404 1336 567 1412 alienare
584 1335 628 1408 ab
653 1331 798 1407 ecclesa
813 1349 896 1407 ante
916 1332 1043 1408 festum
1062 1329 1172 1408 seneli
1186 1333 1356 1410 Lauren

330 1454 367 1550 tij
384 1450 587 1538 &dedisset
612 1450 712 1547 prius
737 1450 772 1524 in
791 1448 878 1526 sesto
898 1447 1016 1528 sande
1034 1449 1275 1550 Margarethe
1294 1448 1349 1526 ef·

331 1573 428 1650 fluxo
446 1567 686 1668 fidejussores,
712 1583 801 1644 tunc
816 1571 916 1643 nullo
934 1570 1042 1644 modo
1058 1567 1190 1644 debent
1203 1567 1267 1647 srbi
1283 1574 1348 1647 da·

333 1687 363 1762 ri
383 1684 567 1784 presentie
595 1685 652 1759 vel
681 1704 812 1775 corpus
834 1681 1024 1788 prebende¹
1048 1703 1116 1777 per
1137 1682 1349 1781 hujusmodi

335 1807 522 1906 integrum.
533 1822 682 1890 annum,
708 1821 780 1895 quo
805 1820 888 1873 eum
903 1797 994 1873 ordo
1017 1798 1349 1895 gerendi-officium

336 1918 519 2020 tetigerit,
546 1913 813 1989 drsrrevoluto
840 1933 934 1986 anno
958 1907 1149 2005 presentior
1172 1911 1246 1990 sive
1263 1935 1351 2010 pre.

335 2033 486 2114 bendam
506 2029 689 2110 deservire
706 2029 886 2122 voluerit,
910 2027 1135 2125 denegentur
1150 2026 1216 2104 srbi
1232 2030 1348 2109 donec

337 2146 569 2250 &quocun
586 2141 726 2218 dederit
741 2137 820 2247 suos
849 2140 920 2216 lide
940 2136 1088 2234 irrisores
1112 2140 1148 2216 dr
1173 2135 1350 2238 promise}

339 2267 382 2343 rit
394 2269 438 2342 de
456 2262 575 2339 officio
594 2256 752 2358 gerendo
766 2254 869 2352 juxta
887 2252 1181 2332 consuetudinem
1202 2259 1349 2336 ecclesie

340 2385 464 2476 nostre,
490 2378 683 2455 sinautem
706 2374 768 2447 istc
791 2396 899 2470 quem
921 2374 1042 2474 tetigit
1062 2378 1152 2450 ordo
1169 2375 1266 2454 infra
1283 2401 1350 2457 an·

341 2524 417 2578 uum
435 2493 631 2595 presentiae
649 2488 683 2563 n
701 2489 946 2585 prebendam,
972 2490 1024 2564 illi
1044 2491 1105 2600 qui
1119 2512 1188 2588 pro
1207 2508 1350 2592 tempo.

342 2643 376 2698 re
394 2618 489 2718 gerit
507 2609 665 2687 officium
683 2606 887 2687 satisfacere
910 2609 955 2683 de
975 2607 1132 2708 gelsrone
1154 2611 1355 2716 secundum¹

342 2738 554 2842 exigentiam
571 2734 744 2829 temporis
759 2732 793 2806 dr
810 2732 901 2807 stare
917 2730 1103 2810 didamini
1123 2736 1273 2833 capituli
1294 2751 1349 2813 re·

344 2876 451 2936 netur.

405 3022 496 3095 ltem
531 3011 632 3088 dabit
667 3010 818 3108 quilibet
855 2961 1041 3086 officiatus
1080 2965 1379 3118 prebendarum·

344 3142 482 3220 cuilibet
492 3136 673 3214 Canonico
683 3133 850 3209 reddenti
859 3157 926 3229 pro
940 3132 1240 3215 consolationibus
1249 3134 1350 3211 Tho·

343 3277 392 3334 me
407 3255 532 3332 deceni
548 3255 704 3338 florenos
722 3253 809 3330 festo
825 3257 951 3330 natalis
967 3256 1098 3330 Chrisli
1122 3310 1132 3330 .
1157 3312 1169 3333 .

406 3423 497 3496 ltem
516 3418 615 3492 dabit
629 3417 818 3517 registrum
844 3421 889 3493 ad
907 3414 1117 3493 tabulam&
1136 3397 1251 3500 novos
1268 3393 1359 3524 dan-J

343 3551 387 3614 tes
402 3535 906 3636 secundum,consuetudinem
924 3531 1069 3628 ecclesie
1084 3560 1150 3634 per
1168 3542 1351 3636 iuramen.

341 3671 410 3756 turn
425 3656 570 3752 quando
585 3651 672 3729 facit
686 3655 876 3729 annualem
895 3655 1214 3750 computationem.
1329 3729 1334 3735 .
1349 3717 1355 3730 .

318 3899 324 3906 ,
403 3822 497 3898 Item
524 3818 624 3903 dabit
646 3818 798 3896 cuilibet
819 3819 1001 3894 Canonico
1027 3842 1095 3917 pro
1124 3837 1289 3917 tempore
1313 3822 1353 3900 in

336 3935 524 4014 residentia
539 3934 706 4018 existenti,
719 3939 807 4024 dpos
829 3957 1008 4032 cappones
1033 3935 1070 4010 in
1096 3936 1252 4032 profesto
1271 3934 1351 4014 sans

336 4057 381 4136 sii
396 4055 552 4134 Martini
572 4056 605 4128 dr
623 4057 754 4154 reliqui
772 4056 904 4133 debent
918 4081 985 4154 per
999 4057 1195 4136 officiatum
1216 4062 1356 4139 certifie

334 4176 435 4256 ficari
454 4192 497 4249 ut
510 4174 706 4273 registrum
725 4179 919 4258 mancatin
935 4177 1189 4285 vigoredtsrbi
1202 4181 1356 4265 inuium

335 4292 442 4379 suum
461 4310 627 4380 vertere.
735 4370 740 4376 .
1185 4300 1307 4408 Quan-
