3409 5117
388 593 458 661 116
498 637 501 644 -
709 579 978 663 Um*

265 773 267 780 ·
332 739 439 831 nior,
464 750 608 838 joannes
630 742 675 818 de
708 734 932 829 suanensem
959 733 1104 832 junior,
1137 735 1282 829 joannes
1296 732 1349 810 'de

334 853 524 950 fidissima,
558 852 782 929 Ebirbardus
796 850 1003 941 Houewarn
1030 845 1225 922 Berenices
1251 845 1354 940 Ryag

334 967 379 1040 de
400 962 605 1057 samuelicb,
635 961 765 1039 airicus
794 961 838 1034 de
869 956 1039 1049 Recbderg
1069 955 1285 1034 &Roricus
1307 956 1373 1028 dc·

332 1079 379 1154 de
395 1074 594 1171 Sternberg
610 1067 784 1147 Canonici
802 1067 1069 1165 prebendati&
1093 1067 1226 1144 fratres
1247 1068 1351 1163 Capi-

333 1188 469 1272 tulares
492 1182 647 1260 Ecciefie
671 1182 850 1278 prelibate
867 1179 1020 1275 quilibet
1044 1181 1088 1254 de
1106 1176 1281 1275 premissis
1302 1173 1352 1255 se-
1384 1199 1388 1204 ·

334 1299 495 1376 cundum
511 1294 675 1371 ordinem
693 1288 745 1367 sui
768 1290 937 1366 introitus
963 1286 998 1364 dr
1020 1286 1214 1390 ingrciium
1231 1291 1349 1368 Eccle-

333 1405 396 1498 sse,
424 1420 535 1505 prout
549 1405 620 1503 jan
641 1399 847 1500 protadium
870 1399 937 1492 est,
970 1421 992 1474 a
1010 1400 1127 1495 capite
1146 1401 1349 1498 incipiendo

334 1547 446 1607 unam
468 1517 658 1617 personam
680 1514 839 1592 habilem
862 1530 983 1589 tamen
1007 1510 1203 1590 secundum
1222 1515 1349 1591 statuta

335 1646 432 1722 diste
451 1636 604 1714 Ecciefie
631 1638 751 1734 quoad
764 1634 1024 1733 Genealogiam
1050 1636 1351 1712 &conditionem

334 1749 489 1857 persone
497 1748 607 1839 edita,
626 1770 855 1844 quocumque
871 1761 1037 1842 tempore
1054 1748 1216 1822 voluerit
1229 1746 1367 1843 adca<
1393 1835 1396 1845 Ι

335 1867 543 1948 nonicatum
566 1860 600 1935 dc
624 1860 847 1958 prebendam
870 1862 1029 1936 nondum
1045 1877 1264 1959 vacantem,
1287 1881 1350 1956 po·

229 1993 233 2002 “
281 1973 283 1978 ’
334 1978 423 2056 terit
434 1973 634 2069 nominare,
658 1972 709 2048 ita
723 1988 865 2065 tamen,
891 1974 1030 2069 quodsi
1057 1975 1134 2071 quis
1152 1995 1282 2050 eorum
1297 1967 1350 2047 us·

334 2116 406 2191 que
421 2092 468 2167 ad
488 2089 712 2166 vacationem
730 2093 824 2169 iilius
843 2091 1029 2190 prebende
1045 2095 1089 2167 ad
1105 2115 1212 2190 quam
1229 2114 1350 2188 prece·

332 2191 422 2288 dein
442 2203 558 2303 ipsum
578 2204 614 2281 in
636 2210 751 2306 gradu
766 2220 870 2283 antea
887 2210 1113 2302 nominavit,
1136 2211 1351 2287 nominatio-

332 2350 418 2407 nem
442 2321 539 2397 suam
563 2321 760 2418 distulerit,
798 2348 877 2400 eam
902 2346 946 2400 ex
970 2339 1055 2401 tunc
1082 2324 1177 2400 infra
1196 2327 1350 2401 duorum

333 2440 510 2522 mensium
522 2434 680 2533 spacium
697 2435 745 2509 ab
762 2435 918 2532 ejusdem
941 2439 1125 2536 prebende
1142 2440 1191 2515 fic
1209 2456 1252 2516 ut
1269 2463 1350 2538 pre·

336 2555 515 2639 mittitur,
563 2569 631 2644 per
646 2553 900 2644 precedentem
924 2552 1207 2628 nominationem
1233 2569 1351 2650 optate

336 2665 535 2745 vacationis
546 2665 675 2739 notitia
685 2668 965 2762 computandum
987 2673 1110 2765 (quam
1127 2668 1274 2763 quidem
1291 2693 1351 2747 no-

336 2786 455 2863 titiam
470 2779 506 2855 in
532 2779 602 2854 hoc
622 2776 703 2856 casu
728 2780 910 2857 censemus
934 2781 1049 2879 ipsum
1078 2783 1270 2859 nominare
1293 2788 1351 2862 de·

336 2901 483 2978 bentem
499 2898 635 2974 habere
651 2923 733 2974 curn
752 2901 788 2973 in
806 2901 960 2977 Ecciefia
977 2902 1117 2977 vacatio
1131 2903 1278 2998 publice
1291 2924 1352 2979 no·

336 3030 374 3092 ta
393 3014 479 3107 erit)
492 3010 612 3088 facere
628 3026 815 3107 teneatur,
842 3016 928 3091 dum
942 3030 1061 3091 tamen
1077 3012 1150 3110 ipse
1166 3017 1351 3092 nominans

335 3124 591 3228 nominationis
615 3120 675 3199 sue
701 3140 867 3219 tempore
890 3150 962 3203 non
984 3128 1111 3204 existat
1130 3152 1151 3201 a
1170 3130 1351 3225 prebende
1394 3113 1396 3124 ¹

336 3238 399 3317 sue
412 3234 648 3354 perceptione
664 3233 864 3332 suspensus,
884 3241 1046 3337 alioquin
1058 3241 1189 3317 eavice
1205 3259 1351 3339 propter

334 3353 431 3431 hanc
466 3345 564 3423 suam
599 3349 856 3450 negligentiam
898 3353 1106 3428 nominandi
1141 3356 1351 3448 potestatem
1394 3435 1396 3440 ,

336 3462 494 3554 amittat,
519 3459 554 3534 tit
584 3458 621 3535 in
644 3476 799 3559 utroque
825 3460 969 3541 casuum
989 3464 1239 3562 prediiiorum
1264 3467 1351 3544 scili·

222 3565 225 3574 ’
319 3594 396 3659 'cet
409 3574 628 3676 negligentie
646 3574 680 3649 dc
695 3573 928 3674 suspenfionis
945 3580 1150 3677 hujusmodi
1167 3584 1350 3660 nominan-
1394 3591 1396 3672 ζ

337 3688 377 3765 di
395 3684 544 3761 facultas
568 3677 728 3777 sequenti
752 3683 789 3759 in
814 3687 931 3786 gradu
958 3687 1129 3782 proximo
1153 3687 1352 3787 deferatur,

338 3817 429 3892 quos
444 3794 588 3891 quidem
609 3793 810 3869 nominatos
837 3791 899 3870 seu
921 3798 1156 3871 nominandos
1184 3813 1274 3875 tunc
1293 3804 1351 3876 de·

337 3928 438 3990 mum
455 3924 536 3979 cum
553 3900 780 3995 prebendam
791 3901 827 3977 in
843 3901 905 3977 suo
922 3906 1048 3981 ordine
1069 3904 1185 4002 ipsum
1203 3923 1351 4010 tangen-

336 4033 427 4105 tem,
453 4035 583 4089 vacate
603 4013 816 4114 contigerit,
843 4016 892 4091 ita
911 4022 1007 4115 quod
1025 4018 1085 4093 ille
1103 4021 1165 4116 qui
1181 4042 1252 4117 per
1270 4023 1351 4098 Pre-

300 4208 308 4220 Ι
336 4128 491 4225 positum
510 4127 712 4202 nominatus
731 4124 859 4222 fucrit,
885 4127 1111 4224 primoloco,
1141 4129 1353 4229 deinde-qui

335 4233 405 4343 per
429 4235 814 4338 Decanum,·securrdo
834 4241 915 4318 loco
938 4238 1042 4319 dcsrc
1063 4241 1108 4318 de
1134 4243 1215 4344 alijs
1231 4235 1354 4344 secun·

1213 4356 1304 4437 dum
