<?xml version="1.0" encoding="UTF-8"?>
<!DOCTYPE html PUBLIC "-//W3C//DTD XHTML 1.0 Transitional//EN"
    "http://www.w3.org/TR/xhtml1/DTD/xhtml1-transitional.dtd">
<html xmlns="http://www.w3.org/1999/xhtml" xml:lang="en" lang="en">
 <head>
  <title>
</title>
<meta http-equiv="Content-Type" content="text/html;charset=utf-8" />
  <meta name='ocr-system' content='tesseract 3.04.00' />
  <meta name='ocr-capabilities' content='ocr_page ocr_carea ocr_par ocr_line ocrx_word'/>
</head>
<body>
  <div class='ocr_page' id='page_1' title='image "./subsidiadiploma00wrgoog_0167.png"; bbox 0 0 3409 5117; ppageno 0'>
   <div class='ocr_carea' id='block_1_1' title="bbox 579 541 1298 633">
    <p class='ocr_par' dir='ltr' id='par_1_1' title="bbox 579 541 1298 633">
     <span class='ocr_line' id='line_1_1' title="bbox 579 541 1298 633; baseline 0.011 -34"><span class='ocrx_word' id='word_1_1' title='bbox 579 544 595 554; x_wconf 86' lang='grc'>““</span> <span class='ocrx_word' id='word_1_2' title='bbox 704 541 977 604; x_wconf 58' lang='lat' dir='ltr'>Um</span> <span class='ocrx_word' id='word_1_3' title='bbox 1229 563 1298 633; x_wconf 76' lang='lat'>123</span> 
     </span>
    </p>
   </div>
   <div class='ocr_carea' id='block_1_2' title="bbox 319 695 1352 1157">
    <p class='ocr_par' dir='ltr' id='par_1_2' title="bbox 319 695 1352 1157">
     <span class='ocr_line' id='line_1_2' title="bbox 319 695 1352 798; baseline 0.005 -20"><span class='ocrx_word' id='word_1_4' title='bbox 319 695 595 798; x_wconf 81' lang='lat' dir='ltr'>myutaenberg</span> <span class='ocrx_word' id='word_1_5' title='bbox 616 696 817 778; x_wconf 82' lang='lat' dir='ltr'>canonicos</span> <span class='ocrx_word' id='word_1_6' title='bbox 840 698 987 776; x_wconf 76' lang='lat' dir='ltr'>ecclesie</span> <span class='ocrx_word' id='word_1_7' title='bbox 1013 701 1146 779; x_wconf 87' lang='lat' dir='ltr'>montis</span> <span class='ocrx_word' id='word_1_8' title='bbox 1172 701 1208 780; x_wconf 81' lang='grc'>8.</span> <span class='ocrx_word' id='word_1_9' title='bbox 1226 705 1352 784; x_wconf 83' lang='lat' dir='ltr'>Marie</span> 
     </span>
     <span class='ocr_line' id='line_1_3' title="bbox 320 816 1349 918; baseline 0.008 -22"><span class='ocrx_word' id='word_1_10' title='bbox 320 816 523 896; x_wconf 77' lang='lat' dir='ltr'>franchinf.</span> <span class='ocrx_word' id='word_1_11' title='bbox 544 819 658 892; x_wconf 84' lang='lat' dir='ltr'>donec</span> <span class='ocrx_word' id='word_1_12' title='bbox 674 817 738 911; x_wconf 80' lang='lat' dir='ltr'>ipss</span> <span class='ocrx_word' id='word_1_13' title='bbox 757 820 893 896; x_wconf 91' lang='lat' dir='ltr'>domini</span> <span class='ocrx_word' id='word_1_14' title='bbox 910 821 1076 897; x_wconf 89' lang='lat' dir='ltr'>Decanus</span> <span class='ocrx_word' id='word_1_15' title='bbox 1092 821 1349 918; x_wconf 71' lang='lat' dir='ltr'>&amp;Capitulum</span> 
     </span>
     <span class='ocr_line' id='line_1_4' title="bbox 320 935 1350 1035; baseline 0.003 -16"><span class='ocrx_word' id='word_1_16' title='bbox 320 941 362 1019; x_wconf 88' lang='lat' dir='ltr'>in</span> <span class='ocrx_word' id='word_1_17' title='bbox 379 938 416 1012; x_wconf 74' lang='grc' dir='ltr'>ἀ</span> <span class='ocrx_word' id='word_1_18' title='bbox 432 943 479 1012; x_wconf 91' lang='lat' dir='ltr'>ad</span> <span class='ocrx_word' id='word_1_19' title='bbox 489 938 624 1014; x_wconf 89' lang='lat' dir='ltr'>realem</span> <span class='ocrx_word' id='word_1_20' title='bbox 639 935 883 1031; x_wconf 77' lang='lat' dir='ltr'>possessionem</span> <span class='ocrx_word' id='word_1_21' title='bbox 894 938 1192 1035; x_wconf 70' lang='lat' dir='ltr'>Supradisiorum</span> <span class='ocrx_word' id='word_1_22' title='bbox 1202 944 1350 1021; x_wconf 83' lang='lat' dir='ltr'>canoni·</span> 
     </span>
     <span class='ocr_line' id='line_1_5' title="bbox 320 1051 1349 1157; baseline 0.004 -27"><span class='ocrx_word' id='word_1_23' title='bbox 320 1069 429 1130; x_wconf 80' lang='lat' dir='ltr'>catus</span> <span class='ocrx_word' id='word_1_24' title='bbox 446 1052 482 1126; x_wconf 79' lang='lat' dir='ltr'>dc</span> <span class='ocrx_word' id='word_1_25' title='bbox 498 1053 681 1147; x_wconf 83' lang='lat' dir='ltr'>prebende</span> <span class='ocrx_word' id='word_1_26' title='bbox 695 1051 811 1149; x_wconf 90' lang='lat' dir='ltr'>ipsum</span> <span class='ocrx_word' id='word_1_27' title='bbox 827 1057 1033 1151; x_wconf 85' lang='lat' dir='ltr'>reciperent</span> <span class='ocrx_word' id='word_1_28' title='bbox 1052 1056 1086 1131; x_wconf 83' lang='lat' dir='ltr'>dc</span> <span class='ocrx_word' id='word_1_29' title='bbox 1102 1059 1349 1157; x_wconf 80' lang='lat' dir='ltr'>admitterent,</span> 
     </span>
    </p>
   </div>
   <div class='ocr_carea' id='block_1_3' title="bbox 319 1174 1348 1385">
    <p class='ocr_par' dir='ltr' id='par_1_3' title="bbox 319 1174 1348 1385">
     <span class='ocr_line' id='line_1_6' title="bbox 319 1174 1348 1284; baseline 0 -36"><span class='ocrx_word' id='word_1_30' title='bbox 319 1175 390 1284; x_wconf 62' lang='lat' dir='ltr'>Ad</span> <span class='ocrx_word' id='word_1_31' title='bbox 400 1174 471 1250; x_wconf 89' lang='lat' dir='ltr'>hec</span> <span class='ocrx_word' id='word_1_32' title='bbox 481 1174 658 1249; x_wconf 88' lang='lat' dir='ltr'>Dominus</span> <span class='ocrx_word' id='word_1_33' title='bbox 675 1174 839 1252; x_wconf 84' lang='lat' dir='ltr'>Decanus</span> <span class='ocrx_word' id='word_1_34' title='bbox 850 1178 1034 1271; x_wconf 74' lang='lat' dir='ltr'>predium</span> <span class='ocrx_word' id='word_1_35' title='bbox 1045 1177 1229 1275; x_wconf 87' lang='lat' dir='ltr'>respondit</span> <span class='ocrx_word' id='word_1_36' title='bbox 1240 1180 1279 1254; x_wconf 91' lang='lat' dir='ltr'>in</span> <span class='ocrx_word' id='word_1_37' title='bbox 1293 1179 1348 1256; x_wconf 84' lang='lat' dir='ltr'>es.</span> 
     </span>
     <span class='ocr_line' id='line_1_7' title="bbox 319 1285 1347 1385; baseline 0.009 -21"><span class='ocrx_word' id='word_1_38' title='bbox 319 1285 466 1368; x_wconf 65' lang='lat' dir='ltr'>fesium</span> <span class='ocrx_word' id='word_1_39' title='bbox 493 1292 591 1385; x_wconf 88' lang='lat' dir='ltr'>quod</span> <span class='ocrx_word' id='word_1_40' title='bbox 620 1291 751 1366; x_wconf 87' lang='lat' dir='ltr'>statuta</span> <span class='ocrx_word' id='word_1_41' title='bbox 777 1292 924 1367; x_wconf 81' lang='lat' dir='ltr'>ecclesie</span> <span class='ocrx_word' id='word_1_42' title='bbox 959 1291 1070 1368; x_wconf 72' lang='lat' dir='ltr'>sansii</span> <span class='ocrx_word' id='word_1_43' title='bbox 1103 1295 1347 1374; x_wconf 86' lang='lat' dir='ltr'>Bartholemei</span> 
     </span>
    </p>
   </div>
   <div class='ocr_carea' id='block_1_4' title="bbox 315 1410 1447 4394">
    <p class='ocr_par' dir='ltr' id='par_1_4' title="bbox 315 1410 1447 4394">
     <span class='ocr_line' id='line_1_8' title="bbox 318 1410 1350 1511; baseline 0.012 -21"><span class='ocrx_word' id='word_1_44' title='bbox 318 1433 400 1490; x_wconf 85' lang='lat' dir='ltr'>uon</span> <span class='ocrx_word' id='word_1_45' title='bbox 422 1412 471 1492; x_wconf 84' lang='lat' dir='ltr'>stc</span> <span class='ocrx_word' id='word_1_46' title='bbox 489 1431 672 1490; x_wconf 80' lang='lat' dir='ltr'>canerent.</span> <span class='ocrx_word' id='word_1_47' title='bbox 708 1410 888 1490; x_wconf 83' lang='lat' dir='ltr'>scilicetst</span> <span class='ocrx_word' id='word_1_48' title='bbox 914 1412 987 1511; x_wconf 87' lang='lat' dir='ltr'>ipse</span> <span class='ocrx_word' id='word_1_49' title='bbox 1015 1415 1182 1491; x_wconf 87' lang='lat' dir='ltr'>henricus</span> <span class='ocrx_word' id='word_1_50' title='bbox 1207 1421 1350 1502; x_wconf 85' lang='lat' dir='ltr'>weldet</span> 
     </span>
     <span class='ocr_line' id='line_1_9' title="bbox 317 1536 1344 1644; baseline 0.01 -30"><span class='ocrx_word' id='word_1_51' title='bbox 317 1538 489 1633; x_wconf 86' lang='lat' dir='ltr'>capitulo</span> <span class='ocrx_word' id='word_1_52' title='bbox 503 1536 660 1633; x_wconf 88' lang='lat' dir='ltr'>ejusdem</span> <span class='ocrx_word' id='word_1_53' title='bbox 676 1537 821 1615; x_wconf 75' lang='lat' dir='ltr'>ecclesie</span> <span class='ocrx_word' id='word_1_54' title='bbox 831 1538 890 1613; x_wconf 89' lang='lat' dir='ltr'>vel</span> <span class='ocrx_word' id='word_1_55' title='bbox 906 1539 1040 1634; x_wconf 87' lang='lat' dir='ltr'>juniori</span> <span class='ocrx_word' id='word_1_56' title='bbox 1052 1541 1225 1617; x_wconf 85' lang='lat' dir='ltr'>canonico</span> <span class='ocrx_word' id='word_1_57' title='bbox 1240 1544 1344 1644; x_wconf 76' lang='lat' dir='ltr'>xviij·</span> 
     </span>
     <span class='ocr_line' id='line_1_10' title="bbox 316 1653 1348 1756; baseline -0.002 -22"><span class='ocrx_word' id='word_1_58' title='bbox 316 1656 454 1734; x_wconf 83' lang='lat' dir='ltr'>floren.</span> <span class='ocrx_word' id='word_1_59' title='bbox 473 1653 632 1731; x_wconf 86' lang='lat' dir='ltr'>solveret</span> <span class='ocrx_word' id='word_1_60' title='bbox 645 1662 690 1734; x_wconf 90' lang='lat' dir='ltr'>ad</span> <span class='ocrx_word' id='word_1_61' title='bbox 707 1660 822 1735; x_wconf 87' lang='lat' dir='ltr'>statim</span> <span class='ocrx_word' id='word_1_62' title='bbox 840 1658 875 1732; x_wconf 75' lang='grc' dir='ltr'><strong>ἃ</strong></span> <span class='ocrx_word' id='word_1_63' title='bbox 897 1658 1089 1756; x_wconf 83' lang='lat' dir='ltr'>affignaret</span> <span class='ocrx_word' id='word_1_64' title='bbox 1114 1661 1264 1756; x_wconf 86' lang='lat' dir='ltr'>capituli</span> <span class='ocrx_word' id='word_1_65' title='bbox 1283 1685 1348 1739; x_wconf 82' lang='lat' dir='ltr'>no.</span> 
     </span>
     <span class='ocr_line' id='line_1_11' title="bbox 319 1770 1347 1874; baseline 0.007 -24"><span class='ocrx_word' id='word_1_66' title='bbox 319 1772 424 1850; x_wconf 85' lang='lat' dir='ltr'>mine</span> <span class='ocrx_word' id='word_1_67' title='bbox 441 1770 685 1868; x_wconf 84' lang='lat' dir='ltr'>recipiendos,</span> <span class='ocrx_word' id='word_1_68' title='bbox 710 1773 774 1869; x_wconf 79' lang='lat' dir='ltr'>ipsi</span> <span class='ocrx_word' id='word_1_69' title='bbox 791 1775 911 1871; x_wconf 87' lang='lat' dir='ltr'>parati</span> <span class='ocrx_word' id='word_1_70' title='bbox 926 1770 1035 1848; x_wconf 88' lang='lat' dir='ltr'>essent</span> <span class='ocrx_word' id='word_1_71' title='bbox 1050 1772 1167 1869; x_wconf 87' lang='lat' dir='ltr'>ipsum</span> <span class='ocrx_word' id='word_1_72' title='bbox 1182 1777 1347 1874; x_wconf 78' lang='lat' dir='ltr'>recipere</span> 
     </span>
     <span class='ocr_line' id='line_1_12' title="bbox 319 1889 1447 1992; baseline 0.003 -22"><span class='ocrx_word' id='word_1_73' title='bbox 319 1891 359 1970; x_wconf 72' lang='lat' dir='ltr'>o</span> <span class='ocrx_word' id='word_1_74' title='bbox 373 1891 572 1968; x_wconf 74' lang='lat' dir='ltr'>admittere</span> <span class='ocrx_word' id='word_1_75' title='bbox 587 1909 627 1964; x_wconf 92' lang='lat' dir='ltr'>ut</span> <span class='ocrx_word' id='word_1_76' title='bbox 642 1893 862 1987; x_wconf 85' lang='lat' dir='ltr'>estsuperius</span> <span class='ocrx_word' id='word_1_77' title='bbox 876 1889 1157 1966; x_wconf 72' lang='lat' dir='ltr'>clarificatum&amp;</span> <span class='ocrx_word' id='word_1_78' title='bbox 1172 1897 1347 1990; x_wconf 83' lang='lat' dir='ltr'>protesta·</span> <span class='ocrx_word' id='word_1_79' title='bbox 1444 1987 1447 1992; x_wconf 23' lang='lat'>¹</span> 
     </span>
     <span class='ocr_line' id='line_1_13' title="bbox 321 2008 1347 2110; baseline 0.003 -20"><span class='ocrx_word' id='word_1_80' title='bbox 321 2024 421 2108; x_wconf 77' lang='lat' dir='ltr'>tuna,</span> <span class='ocrx_word' id='word_1_81' title='bbox 440 2015 540 2108; x_wconf 90' lang='lat' dir='ltr'>quod</span> <span class='ocrx_word' id='word_1_82' title='bbox 555 2008 628 2107; x_wconf 84' lang='lat' dir='ltr'>ipse</span> <span class='ocrx_word' id='word_1_83' title='bbox 643 2013 823 2090; x_wconf 89' lang='lat' dir='ltr'>Henricus</span> <span class='ocrx_word' id='word_1_84' title='bbox 838 2011 989 2088; x_wconf 87' lang='lat' dir='ltr'>minime</span> <span class='ocrx_word' id='word_1_85' title='bbox 1004 2009 1105 2104; x_wconf 80' lang='lat' dir='ltr'>iecit,</span> <span class='ocrx_word' id='word_1_86' title='bbox 1125 2014 1290 2110; x_wconf 83' lang='lat' dir='ltr'>quamvis</span> <span class='ocrx_word' id='word_1_87' title='bbox 1301 2015 1347 2094; x_wconf 84' lang='lat' dir='ltr'>de</span> 
     </span>
     <span class='ocr_line' id='line_1_14' title="bbox 317 2132 1348 2234; baseline 0.003 -21"><span class='ocrx_word' id='word_1_88' title='bbox 317 2135 396 2214; x_wconf 86' lang='lat' dir='ltr'>hoc</span> <span class='ocrx_word' id='word_1_89' title='bbox 411 2132 548 2234; x_wconf 87' lang='lat' dir='ltr'>prefati</span> <span class='ocrx_word' id='word_1_90' title='bbox 568 2134 704 2209; x_wconf 91' lang='lat' dir='ltr'>domini</span> <span class='ocrx_word' id='word_1_91' title='bbox 723 2133 889 2210; x_wconf 85' lang='lat' dir='ltr'>Decanus</span> <span class='ocrx_word' id='word_1_92' title='bbox 907 2132 942 2207; x_wconf 80' lang='lat' dir='ltr'>dc</span> <span class='ocrx_word' id='word_1_93' title='bbox 963 2132 1161 2232; x_wconf 80' lang='lat' dir='ltr'>snguiares</span> <span class='ocrx_word' id='word_1_94' title='bbox 1186 2136 1348 2216; x_wconf 85' lang='lat' dir='ltr'>canonici</span> 
     </span>
     <span class='ocr_line' id='line_1_15' title="bbox 319 2251 1349 2351; baseline -0.002 -18"><span class='ocrx_word' id='word_1_95' title='bbox 319 2279 368 2335; x_wconf 86' lang='lat' dir='ltr'>ae</span> <span class='ocrx_word' id='word_1_96' title='bbox 386 2258 453 2334; x_wconf 90' lang='lat' dir='ltr'>alii</span> <span class='ocrx_word' id='word_1_97' title='bbox 480 2270 568 2332; x_wconf 91' lang='lat' dir='ltr'>tunc</span> <span class='ocrx_word' id='word_1_98' title='bbox 585 2251 765 2351; x_wconf 83' lang='lat' dir='ltr'>presentes</span> <span class='ocrx_word' id='word_1_99' title='bbox 784 2275 859 2329; x_wconf 92' lang='lat' dir='ltr'>non</span> <span class='ocrx_word' id='word_1_100' title='bbox 877 2252 1061 2327; x_wconf 89' lang='lat' dir='ltr'>modicum</span> <span class='ocrx_word' id='word_1_101' title='bbox 1088 2266 1129 2326; x_wconf 88' lang='lat' dir='ltr'>ut</span> <span class='ocrx_word' id='word_1_102' title='bbox 1147 2274 1193 2327; x_wconf 88' lang='lat' dir='ltr'>ex</span> <span class='ocrx_word' id='word_1_103' title='bbox 1219 2273 1349 2331; x_wconf 86' lang='lat' dir='ltr'>eorum</span> 
     </span>
     <span class='ocr_line' id='line_1_16' title="bbox 316 2362 1350 2474; baseline 0.002 -26"><span class='ocrx_word' id='word_1_104' title='bbox 316 2373 433 2474; x_wconf 75' lang='lat' dir='ltr'>gestis</span> <span class='ocrx_word' id='word_1_105' title='bbox 475 2393 545 2470; x_wconf 89' lang='lat' dir='ltr'>pro</span> <span class='ocrx_word' id='word_1_106' title='bbox 584 2386 625 2446; x_wconf 89' lang='lat' dir='ltr'>ut</span> <span class='ocrx_word' id='word_1_107' title='bbox 656 2372 828 2445; x_wconf 87' lang='lat' dir='ltr'>dixerunt</span> <span class='ocrx_word' id='word_1_108' title='bbox 859 2362 1048 2442; x_wconf 80' lang='lat' dir='ltr'>doluissent</span> <span class='ocrx_word' id='word_1_109' title='bbox 1092 2366 1127 2440; x_wconf 79' lang='lat' dir='ltr'>dt</span> <span class='ocrx_word' id='word_1_110' title='bbox 1162 2391 1242 2445; x_wconf 91' lang='lat' dir='ltr'>cum</span> <span class='ocrx_word' id='word_1_111' title='bbox 1278 2371 1350 2450; x_wconf 80' lang='lat' dir='ltr'>hoe</span> 
     </span>
     <span class='ocr_line' id='line_1_17' title="bbox 316 2486 1348 2590; baseline 0.002 -22"><span class='ocrx_word' id='word_1_112' title='bbox 316 2491 447 2589; x_wconf 89' lang='lat' dir='ltr'>sepius</span> <span class='ocrx_word' id='word_1_113' title='bbox 475 2490 666 2588; x_wconf 75' lang='lat' dir='ltr'>requisitus</span> <span class='ocrx_word' id='word_1_114' title='bbox 687 2488 868 2567; x_wconf 87' lang='lat' dir='ltr'>consultus</span> <span class='ocrx_word' id='word_1_115' title='bbox 892 2488 926 2563; x_wconf 83' lang='lat' dir='ltr'>dc</span> <span class='ocrx_word' id='word_1_116' title='bbox 950 2503 1100 2590; x_wconf 86' lang='lat' dir='ltr'>rogatus</span> <span class='ocrx_word' id='word_1_117' title='bbox 1128 2486 1248 2565; x_wconf 83' lang='lat' dir='ltr'>facere</span> <span class='ocrx_word' id='word_1_118' title='bbox 1274 2512 1348 2571; x_wconf 82' lang='lat' dir='ltr'>non</span> 
     </span>
     <span class='ocr_line' id='line_1_18' title="bbox 318 2604 1348 2704; baseline 0.001 -19"><span class='ocrx_word' id='word_1_119' title='bbox 318 2622 506 2703; x_wconf 64' lang='lat' dir='ltr'>curaret5</span> <span class='ocrx_word' id='word_1_120' title='bbox 540 2607 672 2704; x_wconf 83' lang='lat' dir='ltr'>prefati</span> <span class='ocrx_word' id='word_1_121' title='bbox 699 2608 834 2683; x_wconf 90' lang='lat' dir='ltr'>domini</span> <span class='ocrx_word' id='word_1_122' title='bbox 851 2608 995 2682; x_wconf 90' lang='lat' dir='ltr'>tandem</span> <span class='ocrx_word' id='word_1_123' title='bbox 1020 2604 1240 2702; x_wconf 73' lang='lat' dir='ltr'>sepedisium</span> <span class='ocrx_word' id='word_1_124' title='bbox 1261 2607 1348 2686; x_wconf 86' lang='lat' dir='ltr'>Ma·</span> 
     </span>
     <span class='ocr_line' id='line_1_19' title="bbox 315 2720 1348 2826; baseline 0.005 -26"><span class='ocrx_word' id='word_1_125' title='bbox 315 2727 480 2826; x_wconf 77' lang='lat' dir='ltr'>gistrum</span> <span class='ocrx_word' id='word_1_126' title='bbox 512 2726 656 2800; x_wconf 85' lang='lat' dir='ltr'>Petrum</span> <span class='ocrx_word' id='word_1_127' title='bbox 687 2725 842 2820; x_wconf 87' lang='lat' dir='ltr'>acceptis</span> <span class='ocrx_word' id='word_1_128' title='bbox 865 2723 1002 2800; x_wconf 87' lang='lat' dir='ltr'>statutis</span> <span class='ocrx_word' id='word_1_129' title='bbox 1034 2720 1069 2797; x_wconf 81' lang='lat' dir='ltr'>dc</span> <span class='ocrx_word' id='word_1_130' title='bbox 1099 2722 1252 2823; x_wconf 79' lang='lat' dir='ltr'>pignore</span> <span class='ocrx_word' id='word_1_131' title='bbox 1277 2746 1348 2822; x_wconf 86' lang='lat' dir='ltr'>pro</span> 
     </span>
     <span class='ocr_line' id='line_1_20' title="bbox 317 2829 1349 2930; baseline 0.002 -18"><span class='ocrx_word' id='word_1_132' title='bbox 317 2833 462 2912; x_wconf 83' lang='lat' dir='ltr'>eisdem</span> <span class='ocrx_word' id='word_1_133' title='bbox 496 2838 543 2909; x_wconf 86' lang='lat' dir='ltr'>ad</span> <span class='ocrx_word' id='word_1_134' title='bbox 570 2836 821 2910; x_wconf 89' lang='lat' dir='ltr'>canonicatum</span> <span class='ocrx_word' id='word_1_135' title='bbox 853 2831 1145 2930; x_wconf 70' lang='lat' dir='ltr'>&amp;prebendam</span> <span class='ocrx_word' id='word_1_136' title='bbox 1184 2829 1349 2930; x_wconf 83' lang='lat' dir='ltr'>supradi-</span> 
     </span>
     <span class='ocr_line' id='line_1_21' title="bbox 316 2943 1348 3044; baseline -0.008 -16"><span class='ocrx_word' id='word_1_137' title='bbox 316 2946 402 3028; x_wconf 68' lang='lat' dir='ltr'>Eios</span> <span class='ocrx_word' id='word_1_138' title='bbox 413 2945 650 3044; x_wconf 76' lang='lat' dir='ltr'>suspensionis</span> <span class='ocrx_word' id='word_1_139' title='bbox 666 2947 1045 3024; x_wconf 84' lang='lat' dir='ltr'>excommunicationis</span> <span class='ocrx_word' id='word_1_140' title='bbox 1063 2943 1245 3022; x_wconf 65' lang='lat' dir='ltr'>interdisii</span> <span class='ocrx_word' id='word_1_141' title='bbox 1268 2948 1348 3028; x_wconf 86' lang='lat' dir='ltr'>sen.</span> 
     </span>
     <span class='ocr_line' id='line_1_22' title="bbox 316 3059 1348 3160; baseline -0.007 -20"><span class='ocrx_word' id='word_1_142' title='bbox 316 3064 458 3142; x_wconf 81' lang='lat' dir='ltr'>tentius</span> <span class='ocrx_word' id='word_1_143' title='bbox 481 3063 516 3139; x_wconf 82' lang='lat' dir='ltr'>dc</span> <span class='ocrx_word' id='word_1_144' title='bbox 538 3063 625 3139; x_wconf 85' lang='lat' dir='ltr'>alias</span> <span class='ocrx_word' id='word_1_145' title='bbox 648 3085 757 3160; x_wconf 85' lang='lat' dir='ltr'>penas</span> <span class='ocrx_word' id='word_1_146' title='bbox 779 3064 816 3139; x_wconf 92' lang='lat' dir='ltr'>in</span> <span class='ocrx_word' id='word_1_147' title='bbox 841 3063 954 3139; x_wconf 88' lang='lat' dir='ltr'>literis</span> <span class='ocrx_word' id='word_1_148' title='bbox 978 3060 1180 3157; x_wconf 83' lang='lat' dir='ltr'>apostolicis</span> <span class='ocrx_word' id='word_1_149' title='bbox 1205 3059 1348 3159; x_wconf 76' lang='lat' dir='ltr'>depro,</span> 
     </span>
     <span class='ocr_line' id='line_1_23' title="bbox 315 3176 1347 3282; baseline -0.003 -23"><span class='ocrx_word' id='word_1_150' title='bbox 315 3182 479 3262; x_wconf 82' lang='lat' dir='ltr'>cestibus</span> <span class='ocrx_word' id='word_1_151' title='bbox 505 3180 612 3278; x_wconf 79' lang='lat' dir='ltr'>ipsius</span> <span class='ocrx_word' id='word_1_152' title='bbox 633 3183 803 3282; x_wconf 84' lang='lat' dir='ltr'>Magistri</span> <span class='ocrx_word' id='word_1_153' title='bbox 820 3180 916 3259; x_wconf 83' lang='lat' dir='ltr'>Petri</span> <span class='ocrx_word' id='word_1_154' title='bbox 938 3194 1122 3259; x_wconf 87' lang='lat' dir='ltr'>contentas</span> <span class='ocrx_word' id='word_1_155' title='bbox 1145 3176 1347 3256; x_wconf 79' lang='lat' dir='ltr'>formidan-</span> 
     </span>
     <span class='ocr_line' id='line_1_24' title="bbox 315 3293 1350 3375; baseline -0.005 0"><span class='ocrx_word' id='word_1_156' title='bbox 315 3300 367 3375; x_wconf 85' lang='lat' dir='ltr'>do</span> <span class='ocrx_word' id='word_1_157' title='bbox 394 3298 434 3372; x_wconf 91' lang='lat' dir='ltr'>in</span> <span class='ocrx_word' id='word_1_158' title='bbox 462 3296 534 3371; x_wconf 89' lang='lat' dir='ltr'>Dei</span> <span class='ocrx_word' id='word_1_159' title='bbox 558 3297 704 3372; x_wconf 87' lang='lat' dir='ltr'>nomine</span> <span class='ocrx_word' id='word_1_160' title='bbox 734 3293 956 3372; x_wconf 85' lang='lat' dir='ltr'>admiserunt</span> <span class='ocrx_word' id='word_1_161' title='bbox 980 3309 1086 3369; x_wconf 90' lang='lat' dir='ltr'>tenor</span> <span class='ocrx_word' id='word_1_162' title='bbox 1106 3313 1198 3370; x_wconf 85' lang='lat' dir='ltr'>vero</span> <span class='ocrx_word' id='word_1_163' title='bbox 1219 3293 1350 3371; x_wconf 82' lang='lat' dir='ltr'>cedule</span> 
     </span>
     <span class='ocr_line' id='line_1_25' title="bbox 315 3400 1347 3507; baseline -0.008 -17"><span class='ocrx_word' id='word_1_164' title='bbox 315 3400 597 3507; x_wconf 82' lang='lat' dir='ltr'>protestationis</span> <span class='ocrx_word' id='word_1_165' title='bbox 627 3411 671 3486; x_wconf 87' lang='lat' dir='ltr'>de</span> <span class='ocrx_word' id='word_1_166' title='bbox 694 3430 765 3506; x_wconf 88' lang='lat' dir='ltr'>qua</span> <span class='ocrx_word' id='word_1_167' title='bbox 797 3405 906 3505; x_wconf 91' lang='lat' dir='ltr'>supra</span> <span class='ocrx_word' id='word_1_168' title='bbox 926 3405 1089 3504; x_wconf 86' lang='lat' dir='ltr'>sequitur</span> <span class='ocrx_word' id='word_1_169' title='bbox 1109 3406 1147 3482; x_wconf 90' lang='lat' dir='ltr'>in</span> <span class='ocrx_word' id='word_1_170' title='bbox 1170 3405 1238 3483; x_wconf 89' lang='lat' dir='ltr'>hec</span> <span class='ocrx_word' id='word_1_171' title='bbox 1261 3425 1347 3482; x_wconf 83' lang='lat' dir='ltr'>ver·</span> 
     </span>
     <span class='ocr_line' id='line_1_26' title="bbox 315 3517 1345 3622; baseline -0.006 -22"><span class='ocrx_word' id='word_1_172' title='bbox 315 3518 379 3603; x_wconf 89' lang='lat' dir='ltr'>ba.</span> <span class='ocrx_word' id='word_1_173' title='bbox 416 3525 593 3603; x_wconf 88' lang='lat' dir='ltr'>Nicolaus</span> <span class='ocrx_word' id='word_1_174' title='bbox 602 3517 1262 3622; x_wconf 79' lang='lat' dir='ltr'>KongesieinDecauusdzcapitulum</span> <span class='ocrx_word' id='word_1_175' title='bbox 1285 3542 1345 3596; x_wconf 88' lang='lat' dir='ltr'>ec-</span> 
     </span>
     <span class='ocr_line' id='line_1_27' title="bbox 315 3636 1345 3738; baseline -0.006 -18"><span class='ocrx_word' id='word_1_176' title='bbox 315 3641 429 3723; x_wconf 82' lang='lat' dir='ltr'>clesie</span> <span class='ocrx_word' id='word_1_177' title='bbox 467 3636 589 3716; x_wconf 73' lang='lat' dir='ltr'>Sansii</span> <span class='ocrx_word' id='word_1_178' title='bbox 613 3637 862 3716; x_wconf 88' lang='lat' dir='ltr'>Bartholomei</span> <span class='ocrx_word' id='word_1_179' title='bbox 889 3636 1142 3715; x_wconf 82' lang='lat' dir='ltr'>stanckinsurt.</span> <span class='ocrx_word' id='word_1_180' title='bbox 1172 3636 1345 3738; x_wconf 76' lang='lat' dir='ltr'>Magunt.</span> 
     </span>
     <span class='ocr_line' id='line_1_28' title="bbox 315 3751 1349 3852; baseline -0.005 -16"><span class='ocrx_word' id='word_1_181' title='bbox 315 3751 456 3838; x_wconf 84' lang='lat' dir='ltr'>dioces.</span> <span class='ocrx_word' id='word_1_182' title='bbox 503 3757 551 3831; x_wconf 92' lang='lat' dir='ltr'>ad</span> <span class='ocrx_word' id='word_1_183' title='bbox 580 3757 831 3832; x_wconf 89' lang='lat' dir='ltr'>canonicatum</span> <span class='ocrx_word' id='word_1_184' title='bbox 864 3752 1154 3850; x_wconf 75' lang='lat' dir='ltr'>&amp;prebendam</span> <span class='ocrx_word' id='word_1_185' title='bbox 1192 3751 1349 3852; x_wconf 80' lang='lat' dir='ltr'>ejusdem</span> 
     </span>
     <span class='ocr_line' id='line_1_29' title="bbox 315 3863 1348 3978; baseline -0.006 -30"><span class='ocrx_word' id='word_1_186' title='bbox 315 3870 473 3952; x_wconf 76' lang='lat' dir='ltr'>ecclesie</span> <span class='ocrx_word' id='word_1_187' title='bbox 488 3890 558 3966; x_wconf 84' lang='lat' dir='ltr'>pro</span> <span class='ocrx_word' id='word_1_188' title='bbox 580 3891 676 3945; x_wconf 92' lang='lat' dir='ltr'>nunc</span> <span class='ocrx_word' id='word_1_189' title='bbox 697 3889 765 3965; x_wconf 88' lang='lat' dir='ltr'>per</span> <span class='ocrx_word' id='word_1_190' title='bbox 785 3868 906 3944; x_wconf 75' lang='lat' dir='ltr'>morte</span> <span class='ocrx_word' id='word_1_191' title='bbox 926 3865 1090 3978; x_wconf 85' lang='lat' dir='ltr'>johannis</span> <span class='ocrx_word' id='word_1_192' title='bbox 1110 3867 1212 3943; x_wconf 86' lang='lat' dir='ltr'>zabel</span> <span class='ocrx_word' id='word_1_193' title='bbox 1229 3863 1348 3942; x_wconf 88' lang='lat' dir='ltr'>ultimi</span> 
     </span>
     <span class='ocr_line' id='line_1_30' title="bbox 315 3978 1346 4082; baseline -0.008 -20"><span class='ocrx_word' id='word_1_194' title='bbox 315 3981 528 4082; x_wconf 85' lang='lat' dir='ltr'>possessoris</span> <span class='ocrx_word' id='word_1_195' title='bbox 553 3983 752 4058; x_wconf 89' lang='lat' dir='ltr'>eorundem</span> <span class='ocrx_word' id='word_1_196' title='bbox 775 3998 881 4058; x_wconf 79' lang='lat' dir='ltr'>extra</span> <span class='ocrx_word' id='word_1_197' title='bbox 907 4002 1095 4058; x_wconf 89' lang='lat' dir='ltr'>romanam</span> <span class='ocrx_word' id='word_1_198' title='bbox 1115 3978 1255 4057; x_wconf 90' lang='lat' dir='ltr'>curiam</span> <span class='ocrx_word' id='word_1_199' title='bbox 1281 3979 1346 4054; x_wconf 87' lang='lat' dir='ltr'>de·</span> 
     </span>
     <span class='ocr_line' id='line_1_31' title="bbox 315 4091 1350 4192; baseline -0.009 -16"><span class='ocrx_word' id='word_1_200' title='bbox 315 4095 437 4177; x_wconf 72' lang='lat' dir='ltr'>fanen</span> <span class='ocrx_word' id='word_1_201' title='bbox 457 4098 620 4172; x_wconf 88' lang='lat' dir='ltr'>vacantis</span> <span class='ocrx_word' id='word_1_202' title='bbox 637 4096 815 4172; x_wconf 82' lang='lat' dir='ltr'>mandatis</span> <span class='ocrx_word' id='word_1_203' title='bbox 831 4094 1034 4189; x_wconf 84' lang='lat' dir='ltr'>apostolicis</span> <span class='ocrx_word' id='word_1_204' title='bbox 1047 4119 1091 4170; x_wconf 91' lang='lat' dir='ltr'>ac</span> <span class='ocrx_word' id='word_1_205' title='bbox 1106 4091 1350 4192; x_wconf 85' lang='lat' dir='ltr'>Reverendis·</span> 
     </span>
     <span class='ocr_line' id='line_1_32' title="bbox 317 4199 1345 4394; baseline -0.016 -99"><span class='ocrx_word' id='word_1_206' title='bbox 317 4206 397 4296; x_wconf 80' lang='lat' dir='ltr'>suni</span> <span class='ocrx_word' id='word_1_207' title='bbox 414 4211 458 4290; x_wconf 85' lang='lat' dir='ltr'>in</span> <span class='ocrx_word' id='word_1_208' title='bbox 471 4204 623 4310; x_wconf 71' lang='lat' dir='ltr'>Christo</span> <span class='ocrx_word' id='word_1_209' title='bbox 641 4204 757 4306; x_wconf 80' lang='lat' dir='ltr'>patris</span> <span class='ocrx_word' id='word_1_210' title='bbox 781 4199 818 4281; x_wconf 84' lang='lat' dir='ltr'>dr</span> <span class='ocrx_word' id='word_1_211' title='bbox 840 4204 979 4285; x_wconf 85' lang='lat' dir='ltr'>domiui</span> <span class='ocrx_word' id='word_1_212' title='bbox 999 4205 1114 4290; x_wconf 81' lang='lat' dir='ltr'>uosiri</span> <span class='ocrx_word' id='word_1_213' title='bbox 1132 4202 1283 4394; x_wconf 53' lang='grc' dir='ltr'>(10ωὲἒέ</span> <span class='ocrx_word' id='word_1_214' title='bbox 1289 4199 1345 4296; x_wconf 84' lang='lat' dir='ltr'>jo·</span> 
     </span>
    </p>
   </div>
   <div class='ocr_carea' id='block_1_5' title="bbox 0 0 1710 5117">
    <p class='ocr_par' dir='ltr' id='par_1_5' title="bbox 0 0 1710 5117">
     <span class='ocr_line' id='line_1_33' title="bbox 0 0 1710 5117; baseline 0 1"><span class='ocrx_word' id='word_1_215' title='bbox 0 0 1710 5117; x_wconf 95' lang='lat' dir='ltr'> </span> 
     </span>
    </p>
   </div>
  </div>
 </body>
</html>
