3409 5117
462 597 534 673 osa
789 573 1062 640 mm
1373 633 1376 640 -
1450 342 1474 740 1

379 839 381 844 Ι
410 744 514 846 gelto
535 743 571 821 di
596 737 712 840 iudeis
730 736 768 815 in
802 732 1047 835 franckenfort
1069 730 1107 812 iu
1129 729 1306 833 proxima
1326 755 1426 815 vata·
1467 751 1473 762 ’

410 860 518 934 aione
548 856 655 953 ipsius
685 852 834 930 ecclefie
851 850 1071 949 maguntine
1094 850 1131 926 in
1155 855 1259 946 cujus
1282 851 1428 947 pecunie

266 974 278 1032 Γ
413 974 622 1071 receptione
641 966 820 1066 usquead
840 961 1063 1060 completam
1086 964 1345 1072 &perfeetum
1361 965 1430 1061 eius

413 1084 629 1164 solutionem
646 1103 731 1157 eum
753 1078 815 1156 sun
832 1073 1055 1154 consciencie
1071 1079 1338 1173 relinquemus.
1381 1082 1433 1153 ln·

415 1201 526 1300 super
548 1200 611 1297 ipfi
638 1198 796 1274 Domino
826 1195 932 1271 Petro
957 1192 1139 1269 efficax&
1164 1196 1273 1270 fidele
1296 1195 1433 1292 adiutu-

416 1321 555 1397 corimn
575 1316 750 1391 faciemus
773 1325 903 1389 contre
917 1308 1089 1385 Nobilem
1113 1310 1235 1385 virum
1255 1310 1434 1386 Comitem

418 1439 464 1511 de
489 1428 693 1529 Montoforti
720 1426 859 1503 didium
882 1427 927 1500 ‹le
948 1423 1149 1525 insignus&
1176 1422 1259 1501 suos
1282 1423 1433 1519 compli-

415 1570 475 1626 ces
499 1543 559 1641 qui
588 1564 670 1616 eum
699 1560 767 1636 pet
796 1534 967 1635 injuriam
993 1536 1196 1632 captivavit
1227 1538 1433 1622 exafiliona·

400 1663 475 1737 vit
497 1661 533 1735 dc
558 1656 835 1753 dampnificavit
856 1657 904 1729 ad
920 1656 1005 1728 odiu
1032 1655 1130 1729 milia
1145 1677 1357 1733 ntarcarum
1383 1675 1435 1731 ar·

417 1775 518 1879 genti
536 1774 570 1849 dc
588 1774 835 1848 laborabimus
857 1794 939 1847 cum
961 1768 1091 1846 effeetu
1108 1774 1237 1849 adbuc
1255 1790 1298 1848 ut
1318 1797 1434 1849 emen·

420 1892 466 1965 da
491 1887 526 1965 d
553 1883 750 1961 satissaslio
773 1884 896 1962 debita
919 1888 965 1960 de
992 1887 1136 1962 Comite
1159 1888 1330 1985 predielo
1353 1888 1435 1965 suit·

417 2013 490 2104 que
534 2000 772 2097 complicibus
820 1998 887 2108 fibi
925 1999 1000 2076 fiat.
1080 2003 1170 2079 item
1224 2005 1434 2082 cavebimus

420 2121 457 2196 dc
479 2118 589 2196 etiam
622 2115 855 2193 defendemus
897 2117 1121 2193 eundemne
1159 2119 1292 2216 aliquis
1322 2120 1436 2218 ipsum

422 2234 483 2309 vel
521 2228 703 2305 ecclesiam
735 2224 835 2304 suam
879 2228 1082 2324 predidlam
1122 2229 1351 2332 impignoret
1383 2230 1438 2309 vel

421 2345 585 2423 molestet
621 2363 690 2438 pro
716 2340 847 2416 debitis
873 2343 893 2417 ri
924 2338 1234 2437 predecessoribus
1257 2346 1330 2423 suis
1357 2372 1438 2427 con·

422 2459 546 2540 tradiit
572 2475 636 2531 aut
653 2455 876 2551 quibuslibet
890 2458 1001 2533 causis
1015 2461 1095 2535 eliis
1117 2462 1181 2537 nist
1199 2465 1303 2559 prius
1318 2492 1438 2548 comm

422 2575 485 2652 suo
509 2573 628 2669 judice
648 2570 691 2645 fit
710 2569 900 2645 cunvidlus
922 2570 1095 2669 desuper,
1121 2594 1282 2657 ceterum
1310 2582 1437 2682 specia-

276 2693 279 2700 '
423 2692 508 2767 liter
520 2688 766 2783 promittimus
792 2686 906 2762 donus
924 2688 1079 2766 firmiter
1109 2694 1318 2796 obligamus
1347 2702 1436 2799 quod
1471 2783 1476 2798 ,

427 2813 649 2904 deponemus
677 2825 745 2899 per
769 2805 925 2881 noliram
958 2806 1181 2908 diligentiam
1205 2812 1240 2886 dc
1273 2819 1437 2897 tollemus
1474 2867 1479 2914 4

426 2945 570 2999 omnem
610 2920 899 3021 indignacionem
926 2920 1015 2997 sedis
1053 2925 1264 3020 Apostolice
1286 2932 1312 3007 st
1337 2959 1438 3034 quam
1473 2969 1479 3038 ι

424 3039 522 3115 forte
544 3035 639 3110 idem
668 3037 845 3111 Dominus
874 3035 1181 3138 Archiepiscopus
1222 3068 1380 3145 propter
1392 3052 1439 3129 sa·
1476 3043 1479 3084 ⁴

426 3153 526 3247 {lum
554 3149 740 3224 eleslionis
759 3147 819 3225 seu
835 3151 1079 3245 promotionis
1099 3157 1218 3235 nolir'e
1234 3162 1308 3256 iam
1326 3168 1439 3246 incur·

425 3268 476 3345 rit
496 3260 705 3360 aliqualiter
734 3281 798 3336 aut
824 3264 988 3339 incurret
1016 3269 1059 3342 de
1093 3292 1164 3366 quo
1184 3273 1303 3369 ipsum
1329 3281 1363 3357 dc
1388 3305 1439 3361 ec·

426 3376 567 3456 clefiam
590 3373 687 3447 litam
712 3372 1006 3452 conservabimus
1029 3379 1240 3479 indempnes
1273 3398 1439 3490 omnino,

428 3488 625 3589 questiones
643 3486 759 3560 eciam
779 3485 839 3563 seu
856 3492 1118 3570 controversas
1144 3495 1168 3571 n
1195 3521 1267 3595 que
1291 3528 1439 3607 propter
1476 3516 1479 3606 i

303 3619 306 3628 '
426 3608 498 3683 hoc
520 3602 658 3678 fuerint
677 3599 744 3676 fibi
764 3624 863 3683 mute
887 3603 951 3681 sub
970 3610 1098 3685 nolitis
1118 3610 1308 3695 laboribus
1331 3625 1366 3698 d’t
1388 3647 1441 3703 es·

426 3716 542 3820 pensis
569 3720 616 3791 nd
639 3715 747 3791 finem
780 3715 977 3796 &exitum
1003 3726 1244 3815 perducemus
1271 3717 1439 3836 proiplb,

428 3835 519 3911 item
541 3829 604 3905 ubi
628 3829 842 3924 composicio
870 3833 964 3909 iuter
991 3832 1128 3911 didlum
1153 3836 1360 3924 Dominum
1385 3852 1439 3927 Ai-

428 3950 560 4028 bertum
586 3972 629 4025 ac
647 3948 706 4044 pie
727 3952 992 4028 recordacionis
1010 3954 1210 4035 Dominum
1233 3966 1439 4048 Gerbardnn

429 4062 610 4159 quondam
639 4058 758 4135 Archi
778 4058 992 4158 Episcopum
1019 4062 1280 4167 Magunrinum
1311 4078 1438 4155 desuos

430 4171 597 4248 ordinata
612 4192 686 4248 nou
703 4172 752 4249 est
775 4176 978 4272 completa,
996 4175 1108 4276 ipsam
1124 4188 1390 4285 complebimus
1410 4184 1439 4263 dt

1257 4386 1261 4392 ,
1303 4320 1399 4380 cunt·
