3409 5117
465 584 538 661 224
792 563 1060 624 m

410 720 545 803 eisdem
556 707 843 828 ‘'quomodolibet
859 721 1102 822 promulgatis
1124 720 1353 832 precipimus
1374 742 1436 826 per

409 862 708 939 unumquemque
725 840 884 915 vestrum
901 841 937 913 in
960 856 1133 935 quantum
1152 836 1269 934 ipiinn
1290 829 1436 915 concer-

377 982 385 1008 ¹
410 975 504 1038 nunt
518 960 781 1038 iuviolabiliter
795 955 1005 1046 obseruari,
1033 978 1191 1052 quorum
1210 959 1336 1056 eiiqua
1358 978 1437 1052 pre,-

409 1079 569 1159 sentibus
594 1082 762 1157 duximus
791 1080 1045 1175 exprimenda,
1076 1080 1264 1175 Inprimis
1291 1081 1436 1177 quidem

409 1200 625 1292 exhibemus
642 1201 810 1277 omuibus
828 1196 1049 1274 beneiiciatis
1070 1196 1104 1271 dt
1122 1196 1316 1294 presertim
1332 1199 1371 1275 in¹
1386 1196 1436 1273 sa·

408 1323 482 1400 cris
496 1301 683 1400 ordinibus
699 1323 924 1417 constitutis,
959 1346 1004 1410 ne
1026 1324 1105 1418 quis
1119 1323 1288 1419 deinceps
1307 1321 1434 1419 quouis

299 1523 310 1540 ‚
409 1441 477 1520 sub
493 1448 617 1522 colore
643 1446 680 1521 in
704 1447 814 1519 domo
833 1442 892 1519 seu
910 1445 1137 1520 habitacione
1157 1443 1219 1521 sua
1244 1439 1435 1520 mulierem

409 1558 530 1639 secum
545 1558 743 1661 suspediam
761 1580 825 1637 aut
844 1563 896 1637 ibi
915 1566 973 1637 vei
992 1564 1081 1638 aiibi
1093 1571 1289 1639 extraeam
1307 1560 1375 1636 iihi
1387 1571 1436 1635 te·
1477 1641 1479 1652 ¹

290 1715 292 1720 ·
409 1703 494 1764 neat
527 1687 787 1776 concubinam,
830 1685 1022 1759 laudabilis
1047 1685 1284 1780 provincialis
1307 1682 1435 1762 Saudie
1473 1689 1479 1756 't

411 1801 701 1905 Mogontinenhs
727 1800 880 1895 Concilij
908 1800 1066 1900 uestigiis
1090 1803 1198 1877 etiam
1229 1802 1433 1912 inherentes
1476 1797 1479 1886 i

408 1947 495 2007 cum
511 1922 581 1998 hoc
599 1921 754 2026 stridiius
776 1923 1013 2020 precipiendo
1041 1924 1251 2035 mandantes
1273 1938 1316 2000 ut
1339 1922 1435 1998 sita·

410 2047 484 2126 lem
500 2044 687 2147 quisquam
705 2047 741 2121 in
759 2049 867 2122 domo
887 2047 922 2121 se
947 2047 1170 2122 habitatione
1186 2043 1250 2121 sua
1267 2046 1435 2145 haheata

357 2194 360 2204 ’
411 2175 448 2255 se
470 2173 637 2273 protinus
666 2168 875 2244 ‹iz-omnino
901 2167 1128 2244 exciudatdz
1155 2168 1312 2261 sepeliat
1336 2170 1435 2244 nulio

411 2315 586 2391 umquam
606 2308 771 2385 tompore
794 2290 1035 2366 eandemvel
1057 2287 1166 2362 aiiam
1185 2283 1435 2383 resumpturus

413 2416 474 2490 vel
488 2408 717 2503 admiisurus,
733 2409 896 2505 alioquin
911 2410 975 2505 qui
993 2406 1197 2503 hnjtmnodi
1212 2413 1341 2485 nostris
1360 2432 1434 2486 sno·

408 2529 611 2610 nitionibus
640 2529 677 2603 in
700 2530 770 2602 hoc
791 2527 876 2603 casu
905 2528 1134 2626 acquiescere
1155 2517 1436 2660 eputempseri'nt

309 2732 311 2734 ,
412 2669 499 2727 cum
512 2642 646 2720 effediu
661 2659 789 2719 contra
810 2646 899 2720 tales
914 2667 982 2741 per
1000 2669 1110 2743 penas
1130 2644 1366 2742 suipeusronis
1390 2648 1433 2723 ab

414 2764 656 2847 ecciesiasticis
688 2763 871 2860 beneficiis
900 2787 973 2863 que
996 2768 1160 2841 obtinent
1184 2769 1220 2843 in
1245 2772 1433 2866 quibusvis

413 2884 582 2981 aeclesiis
597 2883 632 2959 dt
648 2874 1033 2963 excommunicationis
1047 2905 1223 2984 perpetue
1240 2890 1274 2963 da
1291 2890 1434 2967 alias'se·

412 3006 574 3086 'eundum
603 3003 835 3079 traditionem
863 2987 1048 3081 sacrorum
1077 3028 1258 3083 canonum
1284 3032 1327 3087 ac
1351 3005 1433 3087 diui

414 3131 560 3226 conciiij
577 3130 812 3225 provincialis
829 3132 948 3208 statuti
961 3132 1032 3208 ime
1056 3135 1167 3209 dubio
1183 3141 1432 3230 procedemus,

415 3250 455 3327 ez
475 3250 560 3325 licet
581 3251 719 3325 dudum
747 3248 812 3326 sub
835 3253 985 3329 diverfis
1008 3256 1108 3351 penis
1140 3254 1434 3330 formidabilibus

415 3367 700 3459 inhibuerimus,
734 3394 779 3445 ne
797 3374 927 3468 aliquis
945 3376 1234 3470 presbiterorum
1244 3387 1357 3450 extra
1373 3396 1434 3449 no·

414 3494 526 3573 stram
549 3489 718 3565 dioceiinr
747 3496 936 3569 ordinatus
957 3493 1020 3570 seu
1039 3497 1128 3570 inihi
1153 3517 1224 3570 non
1245 3496 1433 3575 beneficia·

414 3618 475 3689 tus
483 3610 530 3684 ad
543 3606 754 3688 divinorum
767 3616 1052 3691 celebratio-uem
1066 3617 1340 3712 admitteretur,-
1357 3615 1434 3692 hui-

414 3725 481 3802 iibi
498 3744 618 3806 tamen
632 3732 778 3836 plebani
793 3741 910 3827 curati
929 3738 1055 3836 acaiij
1074 3740 1282 3836 hujusmodi
1297 3721 1457 3838 presidi-¹¹

414 3858 513 3924 teres
522 3852 719 3928 admittere
735 3877 806 3932 nou
822 3857 1039 3951 formidant,
1057 3862 1191 3934 idcirco
1210 3847 1437 3938 sub-'eiic'niii-⁴

413 3965 671 4066 municationis
683 3968 914 4067 i'uipeniionis
939 4000 981 4053 ae
997 3977 1074 4073 aiijs
1090 3951 1296 4076 arbitrarii}
1322 3962 1436 4078 penis,

412 4079 546 4175 quibus
572 4081 681 4181 supra
705 4089 840 4167 iterum
863 4094 897 4166 de
916 4118 961 4169 ex
984 4083 1322 4202 superhabundanti
1336 4093 1434 4175 inihi·

415 4202 571 4304 ·bernus,
604 4231 652 4290 ne
672 4213 802 4328 aliquis
829 4220 1174 4321 veitrtnrahquen
1192 4211 1437 4323 presbiterum

1351 4371 1394 4427 tu
