3409 5117
665 530 937 590 mem
1188 546 1327 623 stow

272 698 527 775 Cancellsrius
557 694 655 771 cirta
675 718 739 771 nos
767 688 802 767 dr
824 691 938 770 nostri
962 689 1219 769 exaltationem
1243 694 1308 769 ba·

272 806 340 882 bet
366 809 401 883 dr
423 808 553 883 babuit
579 831 661 882 cum
692 803 823 881 effeuu
853 802 973 878 nostre
1003 801 1303 882 considerationis

274 926 393 1000 oculis
446 936 694 1019 proponentes
736 916 985 1015 promittimus
1030 902 1187 993 sideliter
1228 921 1304 997 imo

272 1036 403 1135 sponte
434 1063 478 1115 ac
504 1037 706 1112 liberaliter
727 1056 792 1109 uos
816 1055 885 1131 per
907 1031 1011 1107 iidem
1041 1031 1198 1110 nostram
1221 1038 1303 1113 loco

275 1155 478 1257 juramenti
506 1155 693 1251 prestitam
720 1153 951 1253 obligamus,
977 1152 1075 1247 quod
1095 1151 1120 1227 fi
1142 1150 1238 1231 forte
1254 1157 1306 1231 di·

276 1278 376 1360 vina
393 1274 627 1371 providentia
650 1270 861 1368 disponente
873 1270 920 1343 ad
936 1267 1119 1370 fastigium
1137 1271 1213 1348 five
1230 1279 1305 1351 cul·
1433 1279 1439 1299 “

274 1414 369 1474 men,
389 1391 506 1490 Regie
526 1389 724 1487 Majeslatis
742 1387 864 1487 Regni
874 1387 1127 1463 Romanorum
1144 1393 1304 1484 provebi

275 1523 345 1577 nos
370 1503 572 1598 contingat,
587 1522 630 1575 ea
646 1522 717 1596 que
734 1498 887 1575 inferius
909 1497 990 1573 sunt
1004 1516 1172 1577 contenta
1190 1525 1303 1603 prop·
1392 1575 1395 1582 ,

275 1632 336 1691 ter
376 1613 513 1690 caussas
538 1613 645 1708 julias
673 1635 778 1688 veras
805 1613 840 1687 tiz
871 1614 1032 1689 notorias
1058 1638 1128 1711 que
1154 1618 1191 1693 in
1220 1617 1303 1715 ipfis

276 1728 350 1812 esse
372 1729 588 1819 noscuntur,
613 1727 963 1806 conservabimus&
986 1736 1302 1814 manutenebimus

276 1854 313 1925 tiz
339 1850 551 1945 adplenum
574 1844 743 1922 effodiam
767 1848 848 1924 Deo
864 1849 1030 1944 propicio
1048 1854 1302 1947 perducemus,
1418 1838 1421 1844 ’

276 1965 459 2042 cartulam
482 1962 596 2037 eciam
620 1959 727 2058 hujus
744 1960 853 2061 digne
881 1961 1127 2057 ,promillionis
1152 1990 1195 2044 ac
1212 1968 1304 2067 juste

282 2059 669 2174 obligationis⁸nollre
699 2092 788 2145 mox
811 2071 884 2147 srne
907 2094 1011 2147 more
1041 2072 1228 2170 dispendio
1248 2078 1302 2155 fa·
1430 2170 1432 2178 y

276 2194 418 2267 cientur
443 2188 609 2285 Typario
634 2188 768 2287 regalis
788 2190 1006 2264 excellencie
1028 2192 1074 2265 ad
1096 2190 1213 2269 robur
1238 2218 1304 2269 va·

263 2299 391 2390 lidius
409 2308 634 2409 consignari,
654 2308 820 2401 inprimis
837 2308 1030 2386 Ecclesiam
1054 2306 1211 2388 stantiam
1232 2313 1303 2391 Dei
1350 2369 1353 2380 ,

268 2429 316 2504 ‘tiz
337 2425 542 2523 specialiter
567 2422 760 2498 Ecclefiam
786 2424 1045 2524 Mogontinsm
1083 2449 1151 2523 per
1181 2431 1304 2537 omnia

278 2537 532 2625 membrosus
561 2554 633 2613 tam
659 2536 968 2633 susspiritualibus
989 2563 1096 2636 quam
1117 2560 1305 2644 tempora·
1396 2598 1398 2602 s
1454 2631 1457 2638 ,

278 2661 376 2739 libus
408 2651 576 2731 Civitatis
602 2650 833 2745 Dyocefistir
864 2655 1055 2749 provincie
1085 2656 1305 2758 llslaguntine
1467 2748 1469 2751 Α

279 2760 548 2844 defensabimus
578 2756 736 2833 fideliter
763 2755 1060 2836 conservabimus
1082 2763 1117 2837 tir
1138 2784 1305 2843 manute-
1341 2762 1345 2792 “

228 2877 229 2880 ’
279 2874 448 2953 nebimus
487 2864 684 2940 efficaciter
710 2865 747 2939 in
783 2866 951 2941 omnibus
978 2866 1048 2944 suis
1071 2870 1214 2966 juribus
1236 2876 1303 2947 ho.

279 2970 435 3049 nuribus
464 2961 695 3037 libertatibus
721 2964 823 3036 bonis
848 2962 1118 3067 posseffiouibus
1150 2971 1304 3064 privile,

282 3092 353 3194 gijs
373 3086 408 3160 tir
432 3078 558 3184 gratiis
584 3077 649 3153 fibi
682 3076 826 3151 datistia
851 3076 956 3154 fastis
977 3083 1122 3157 aDivis
1142 3086 1318 3181 Impera-5
1411 3068 1436 3106 ⁵
1457 3073 1459 3077 ’

281 3195 424 3276 toribus
452 3190 488 3263 dr
526 3188 778 3263 Romanorum
813 3187 992 3287 Regibus.
1043 3190 1136 3270 Item
1168 3196 1303 3295 gratias

282 3314 318 3388 dr
353 3309 550 3409 privilegia
581 3306 790 3402 hujusmodi
822 3308 1120 3391 confirmabimus
1143 3315 1178 3389 dr
1201 3316 1304 3392 inno·

286 3427 459 3501 vabimus
492 3419 583 3495 ficut
609 3416 729 3513 jacent
756 3419 801 3491 dc
828 3421 945 3496 verbo
974 3425 1022 3496 ad
1051 3425 1208 3503 verbum
1239 3448 1307 3524 per

280 3542 423 3616 litteras
485 3527 657 3629 speciales
708 3526 824 3629 figulo
877 3530 977 3624 regio
1031 3502 1301 3633 conslgnandas.

282 3650 376 3725 Item
400 3640 516 3741 ipsum
533 3640 732 3716 Dominum
756 3634 874 3714 Archi
892 3637 1109 3738 Episcopum
1134 3640 1307 3725 successo.
1442 3700 1444 3708 l

282 3779 342 3835 res
364 3750 446 3827 suos
474 3747 714 3825 succretam
733 3745 992 3844 Nlaguntinam
1010 3750 1211 3843 preditlam
1236 3778 1306 3850 pro
1448 3819 1451 3826 ,

282 3882 366 3943 toto
391 3857 489 3957 posse
513 3857 634 3933 nestro
659 3854 731 3927 fine
753 3854 925 3928 dilatione
943 3854 1198 3951 adjuvabimus
1221 3884 1330 3940 cum«
1454 3855 1458 3868 “

283 3972 421 4056 effectu
454 3971 563 4047 etiam
596 3962 884 4064 personalitersr
917 3961 1030 4039 fuerit
1061 3966 1133 4042 hoc
1168 3966 1337 4047 necesse-

283 4105 412 4169 contra
443 4079 627 4182 quoslibet
654 4076 885 4175 injuriatores
916 4078 1130 4154 temerarios
1155 4077 1308 4156 offenso-

284 4227 350 4300 res¹
387 4200 594 4279 turbatores
618 4185 840 4290 ipsorum&
871 4181 1075 4285 specialiter
1102 4206 1230 4270 contra
1255 4191 1308 4268 ci·

1084 4373 1085 4380 t
1192 4323 1258 4380 ves
1296 4321 1306 4338 ⁴
1424 4349 1425 4355 κ
