3409 5117
383 596 427 666 ς,
715 565 983 638 W

333 743 391 818 ete
410 731 566 818 ecclesie.
579 729 698 808 nostre
721 728 825 805 beate
846 725 970 804 Maria
991 726 1027 803 in
1047 720 1222 806 suburblo
1237 720 1352 802 War-⁴

333 846 494 932 mutiensi
521 841 742 921 institutione
763 863 806 916 oc
832 836 1034 935 Preposrtus
1066 840 1183 924 etiam¹
1204 837 1356 916 ecclesie

333 967 453 1048 nostre
465 961 625 1039 omnium
638 958 913 1034 canonicatuum
929 954 964 1032 dr
978 956 1248 1052 prebendarum
1257 953 1352 1050 ejus·

334 1086 416 1170 dem
431 1061 575 1156 ecclesie
588 1074 706 1152 nostre
720 1094 788 1169 pro
804 1088 973 1168 tempore
991 1073 1199 1147 vacantium
1215 1067 1352 1146 cellan-

334 1198 431 1275 tibus
462 1186 767 1268 reservatiouibus
798 1173 1000 1281 apostolicis
1031 1186 1194 1262 collator
1223 1186 1354 1268 unicus

334 1307 461 1382 existat
474 1323 517 1379 ac
534 1299 680 1378 Decano
692 1300 732 1376 dr
752 1301 923 1397 capitulo
941 1300 1035 1375 osne
1049 1300 1194 1378 ecclesie
1209 1302 1354 1398 qualili-¹

335 1433 455 1497 conum
476 1436 519 1489 ac
533 1415 570 1489 in
590 1411 787 1489 sacerdotio
803 1412 1034 1490 constitutum
1056 1416 1158 1509 joma
1178 1412 1275 1490 diue
1293 1434 1354 1487 ec-

336 1528 438 1612 cleda
453 1529 619 1628 primeva
634 1530 863 1606 iustitutionis
879 1521 1042 1606 tenore'm
1058 1527 1096 1624 ⁴⁸)
1122 1533 1353 1619 advocantes

334 1662 404 1742 pro
420 1656 585 1736 tempore
599 1642 827 1718 canonicatus
840 1641 874 1715 dt
887 1641 1087 1738 prebendas
1102 1644 1147 1717 ad
1161 1641 1356 1722 investien-

335 1760 423 1833 dum
440 1753 645 1855 presentare
671 1771 837 1834 teneatur
855 1759 888 1834 dr
911 1757 1091 1857 obligatus
1113 1756 1180 1852 sat,
1213 1779 1260 1834 nc
1282 1758 1352 1832 ali-

335 1875 481 1970 quando
494 1870 667 1950 hesttetur
681 1895 727 1950 au
743 1876 838 1970 idem
855 1874 1078 1973 presentatus
1098 1877 1144 1951 ad
1160 1873 1352 1950 investien-

1086 2095 1089 2102 .
1218 1994 1308 2074 duur

365 2198 400 2291 ⁰)
425 2199 530 2286 Supra
553 2198 693 2271 diximus
716 2214 802 2294 quud
820 2204 957 2276 tecleae
972 2203 1049 2275 h-aec
1064 2185 1239 2295 collegiata
1261 2153 1359 2298 priua

435 2289 574 2363 audierit
588 2311 683 2366 vetus
699 2304 933 2373 monasterium.
996 2306 1145 2394 Ejusdem
1161 2303 1227 2372 loci
1242 2304 1354 2374 Archi

343 2395 348 2402 '
438 2390 589 2459 diaconus
605 2406 672 2463 erat
691 2396 880 2487 Praepofitus
890 2402 999 2490 Major
1011 2415 1080 2468 tum
1090 2400 1247 2488 temporis
1255 2401 1354 2472 Hem

435 2488 522 2553 ricus
549 2494 588 2553 de
606 2494 719 2580 Duna,
744 2504 784 2561 ad
807 2511 903 2583 quem
924 2499 1019 2568 etiam
1038 2497 1166 2565 collatio
1191 2497 1353 2586 praeditur

437 2588 772 2673 capellapertinebat.
801 2595 993 2662 Consensn'
984 2617 1011 2663 rs
1032 2616 1097 2665 non
1116 2594 1247 2662 solum
1236 2615 1272 2663 m
1287 2615 1356 2662 ere·

435 2679 574 2747 {tionem
598 2686 675 2752 novi
694 2688 789 2776 hujus
811 2692 950 2780 Collegii
972 2694 1025 2759 sed
1050 2708 1082 2758 et
1099 2692 1152 2780 jus
1175 2691 1352 2760 collationis

438 2779 602 2863 capellae
592 2801 626 2845 m
647 2799 845 2872 perpetuum
868 2792 970 2856 bcatae
996 2789 1115 2876 virgini
1141 2791 1282 2854 offerens
1306 2809 1352 2857 te·

437 2873 564 2939 militet
581 2876 611 2941 ei
626 2882 865 2952 renuntiavit..
894 2890 967 2953 ,In
987 2886 1079 2974 cujus
1100 2884 1281 2953 donationis
1305 2907 1350 2956 re

440 2972 642 3057 compensem
655 2975 762 3044 statuit
776 2981 919 3047 Emicho
924 2983 1118 3074 Episcopus,
1143 2992 1180 3048 ut
1202 2982 1352 3069 Praepust

438 3081 490 3130 tus
505 3065 614 3155 Major
630 3074 775 3142 Eccleliae
788 3079 944 3146 Wormat
967 3080 1063 3169 ipstus
1079 3080 1175 3146 etiarn
1189 3077 1256 3146 loci
1272 3081 1350 3146 Prae

439 3164 521 3246 polit
522 3184 560 3228 us
584 3167 620 3232 lit
647 3184 680 3234 ct
710 3173 913 3241 canonicatus
938 3187 971 3243 et
993 3177 1184 3265 praebendas
1207 3175 1278 3243 illic
1306 3175 1353 3244 ibi

432 3261 581 3327 omnium
606 3267 747 3332 conserat
772 3272 1020 3356 canonicorum,
1060 3292 1149 3339 cum
1162 3293 1215 3339 eas
1242 3293 1351 3366 vacare

368 3358 370 3362 '
439 3356 685 3443 contigeritcet
711 3363 754 3431 ita
777 3366 893 3435 littera
912 3365 1086 3440 Etetlionis
1110 3375 1149 3435 de
1172 3375 1225 3437 ιιι.
1244 3379 1345 3447 1298

435 3458 523 3540 apud
537 3457 705 3531 schannat
722 3467 744 3529 l.
763 3485 790 3529 c

366 3661 636 3757 lbidrm'insuper
649 3672 813 3760 provisum
830 3669 894 3746 est,
921 3670 1007 3753 quod
1024 3662 1168 3731 canonici
1185 3685 1202 3732 a
1226 3667 1351 3759 Prapo·

439 3760 494 3826 slt⁰
509 3772 721 3884 praesentandi
744 3767 907 3838 astualiter
931 3766 1070 3831 debeant
1085 3762 1148 3830 elle
1173 3763 1351 3834 sacerdotes

439 3870 472 3922 ct
486 3870 579 3937 bonae
595 3871 690 3953 vitae3
716 3867 803 3937 sedsr
821 3862 1033 3949 Praepofitus,
1060 3860 1115 3947 qui
1127 3881 1188 3947 pro
1205 3873 1352 3950 tempore

435 3957 544 4048 fuerit
571 3967 749 4034 Diaconum
773 3963 912 4051 aliquem
934 3961 989 4025 vel
1013 3960 1166 4025 clericum
1190 3958 1352 4029 inferioris

435 4062 555 4130 ordinis
579 4067 767 4160 praesentat,
802 4068 842 4126 ad
866 4055 1110 4147 perceptionem
1129 4033 1353 4167 proreptuum

437 4153 563 4225 suorum
582 4175 615 4227 et
631 4164 816 4247 praebeudae
832 4177 896 4222 nnn
911 4152 1008 4219 admit
996 4163 1113 4237 ttatur,
1138 4157 1194 4220 vel
1207 4152 1354 4222 etiamad

433 4254 625 4325 consortium
640 4257 781 4344 ipsorum
800 4256 1047 4332 Canonicomn,
1076 4258 1249 4349 antequam
1266 4250 1354 4321 ordi

432 4370 490 4417 nes
502 4350 653 4443 suscipiat
669 4354 888 4423 sacerdotales.
