3409 5117
719 550 991 614 m
1249 572 1321 649 ις,

334 703 438 816 qood
457 729 686 811 quecunque
704 708 945 787 communitas
965 713 1028 789 vel
1041 710 1197 812 persona
1215 738 1285 817 per
1308 739 1375 797 an·

335 850 425 905 num
447 824 487 902 in
508 821 890 920 excommunicatione
904 842 1062 923 propter
1085 826 1293 910 libertatem
1315 851 1374 910 ee·

332 937 450 1016 clasrae
469 931 646 1009 violatam
661 927 867 1029 peniteret
886 928 963 1031 ipio
983 934 1070 1036 iure
1090 936 1256 1019 similiter
1274 940 1374 1020 didio

334 1053 458 1132 baono
476 1047 663 1148 lmperiali
677 1036 896 1145 subjaceret,
929 1046 950 1127 l
972 1071 1059 1150 quo·
1075 1055 1282 1136 nullatenus
1310 1080 1375 1138 ex·

334 1169 551 1249 traheretur
565 1163 633 1245 nili
659 1164 765 1273 prius
787 1166 835 1244 ab
855 1163 1004 1245 ecclelia
1027 1166 1207 1250 beneficio
1229 1170 1376 1256 obsolu-

332 1288 442 1366 tionis
461 1282 628 1363 obtento.
676 1282 724 1357 Et
752 1276 903 1378 insuper
926 1283 1165 1364 ordinaverat
1186 1302 1230 1367 at
1248 1292 1373 1370 nullos

334 1398 611 1485 ecclesiasticam
649 1392 842 1494 personam
873 1397 912 1476 in
941 1398 1125 1480 criminali
1150 1404 1374 1507 Quaestionm

330 1528 388 1603 vel
404 1521 513 1602 civili
524 1521 571 1596 ad
586 1516 764 1615 iudicium
779 1515 955 1600 soeculare
971 1520 1120 1602 trahere
1130 1523 1373 1621 presumeret
1429 1563 1432 1568 ·

332 1659 464 1725 contra
481 1642 627 1718 easdem
643 1638 833 1717 canonicas
851 1628 1062 1721 sanctiones
1089 1640 1126 1718 dr
1146 1644 1372 1725 constitutio·

330 1791 393 1847 nes
409 1761 635 1863 imperiales,
652 1762 752 1860 quod
765 1759 792 1838 ll
807 1756 908 1838 secor
920 1759 1212 1845 faeeretaetort
1231 1764 1296 1847 suo
1313 1769 1371 1870 ju·
1405 1782 1409 1790 “

332 1913 371 1970 re
391 1890 559 1978 caderet,
583 1880 836 1981 dijudicatum
852 1904 929 1964 non
944 1875 1098 1980 teneret
1125 1886 1298 1983 &judex
1312 1892 1369 1969 fo.

332 2026 387 2092 ret
401 2029 453 2086 ex
467 2023 556 2084 tunc
576 2003 761 2104 iudicandi
782 2002 1003 2081 austeritate
1023 2006 1214 2104 privatus,
1249 2014 1368 2109 quod.

332 2150 401 2228 qne
417 2123 561 2225 jndices
576 2120 814 2220 temporales,
836 2118 900 2219 qui
914 2121 1057 2202 clericis
1078 2120 1291 2219 &personis
1305 2151 1366 2208 ec·.
1402 2146 1405 2158 ’

333 2239 535 2328 clellallieis
551 2236 725 2339 justitiam
738 2240 924 2343 denegare
936 2235 1224 2337 presumerent,
1253 2245 1366 2323 tertio
1471 2283 1474 2288 ·

334 2359 500 2461 requisiti
515 2353 615 2432 suam
631 2350 923 2453 iurisdidlionem
944 2352 1205 2451 admitterent,
1234 2360 1364 2439 consti.

332 2482 515 2558 tutionem
531 2471 644 2571 ipsam
668 2472 714 2555 de
743 2468 891 2549 conlilio
912 2470 1198 2552 etiamsratrum
1216 2474 1368 2565 suorum

331 2601 466 2686 sanitae
498 2599 674 2677 Romane
702 2591 869 2673 Ecclefiae
892 2595 1144 2677 eardimlium
1183 2600 1249 2700 qui
1278 2618 1368 2680 ttmc

330 2745 441 2810 erant
468 2722 689 2801 tomeritate
713 2693 912 2817 apostolica
937 2701 1147 2817 approbans
1169 2724 1204 2801 dr
1233 2727 1366 2807 coniir·

328 2872 434 2932 mans
450 2846 564 2946 ipsam
574 2842 763 2919 mandavit
777 2839 1042 2918 inviolabiliter
1053 2839 1257 2923 observari.
1282 2847 1364 2928 Neo

329 2988 405 3046 non
431 2958 639 3036 statutarios
665 2958 702 3034 dt
722 2954 917 3054 scriptores
936 2977 981 3033 ac
1003 2954 1201 3037 violatores
1229 2963 1366 3057 praedi·

327 3078 409 3156 dios
436 3074 770 3153 excommunicatos
790 3074 918 3152 eadem
938 3072 1160 3154 auctoritate
1185 3078 1362 3178 nuntiari,

328 3200 365 3277 dr
392 3197 524 3276 deinde
548 3195 595 3269 ad
626 3190 848 3282 audientiam
881 3190 977 3269 divae
1008 3189 1197 3268 memorie
1238 3193 1365 3273 Caroli

330 3311 457 3414 quarti
476 3310 586 3388 etiam
599 3309 853 3385 Romanorum
869 3306 1104 3402 Imperatoris
1117 3303 1261 3407 semper
1281 3311 1364 3388 Au·

327 3427 425 3532 gusti
450 3423 619 3515 denudo,
648 3426 745 3521 qnod
775 3425 961 3501 nonnullae
982 3420 1170 3502 saeculares
1195 3425 1232 3502 in
1258 3442 1365 3523 pote.

327 3538 531 3621 statibus&
551 3535 678 3615 officiis
694 3536 854 3634 publicis
868 3537 1085 3636 constitutam
1105 3540 1362 3617 videlicetDm

326 3677 403 3748 res,
428 3650 681 3745 Marchiones,
706 3651 883 3744 Comites,
909 3652 1068 3733 Berones
1086 3651 1226 3732 Milites
1248 3651 1364 3749 &alii

327 3767 483 3849 Domini
516 3767 758 3864 temporales,
782 3788 851 3843 rec
866 3788 940 3860 non
960 3763 1123 3842 consules
1143 3765 1363 3862 Civitatunn

326 3883 568 3986 oppidorum,
593 3882 789 3976 villarum,
814 3880 850 3958 de
869 3883 1036 3961 locorum
1052 3880 1287 3971 Redderesio
1306 3884 1362 3962 di

326 3993 444 4073 verses
459 3992 659 4090 provinciis
676 3973 837 4090 ejusdem
852 3988 1002 4092 imperii
1019 3994 1092 4071 Dei
1118 3993 1250 4070 timore
1264 3993 1362 4091 poll·

320 4105 602 4210 pofitollatuta
629 4104 849 4206 singularia,
890 4106 1083 4204 &iniquas
1114 4105 1362 4186 ordinationes
1425 4190 1427 4196 ,

322 4241 433 4308 motu
454 4221 620 4320 ppriedt
650 4224 696 4302 de
719 4219 819 4303 saec
843 4237 973 4304 contre
995 4219 1090 4334 ipsas
1115 4216 1289 4321 personas
1307 4248 1364 4320 ep

354 4357 360 4371 ‘
1240 4346 1314 4425 cle-
