3409 5117
346 520 351 533 '
402 550 473 626 ω
727 528 996 593 ΨΜ

424 694 575 791 Insuper
588 693 775 772 {latuimus
796 691 831 766 tir
848 692 1056 803 ordinamus
1073 696 1171 788 qnod
1188 627 1284 771 siai>
1302 693 1375 774 lm·

353 829 547 913 peratore,
596 813 698 908 Rege
728 808 787 882 vel
818 808 938 881 Archi
960 804 1137 904 Episcopo
1162 808 1287 884 nostro
1308 804 1371 886 seu

223 977 225 982 ·
354 933 428 1007 alio
463 928 591 1021 quovis
621 926 762 1000 Barnne
797 924 918 998 Terre
950 926 1009 998 vel
1045 924 1171 1002 Nobili
1205 920 1267 1000 seu
1289 923 1372 1024 aliis

356 1052 644 1150 quibuscumque
687 1048 797 1120 slatus
848 1046 907 1119 uel
960 1045 1177 1122 conditionis
1220 1046 1375 1122 existunt

285 1262 287 1266 Ι
354 1189 426 1267 pro
450 1170 571 1260 aliquo
594 1164 804 1258 recipiendo
819 1164 1026 1256 Capitulum
1050 1165 1212 1242 nostrum
1237 1160 1372 1247 forsan.

333 1297 399 1358 ιιιι
412 1280 489 1354 tien
509 1281 612 1365 solet,
635 1280 803 1374 precibus
818 1274 1030 1374 impulsetur
1046 1277 1080 1353 iz
1101 1277 1304 1375 capitulum
1315 1290 1369 1352 to·

257 1399 260 1407 ’
321 1410 324 1417 ·
355 1410 437 1472 tum
458 1397 606 1493 dignum
629 1395 846 1492 iudicaverit
862 1398 899 1473 ἅ
921 1400 1010 1473 utile
1033 1398 1115 1473 sore
1131 1394 1370 1494 perspexerit,

354 1512 525 1607 precibus
542 1513 665 1586 talium
689 1514 946 1602 annuendum,
967 1513 1040 1587 hnc
1054 1515 1090 1587 in
1108 1513 1301 1586 voluntate
1317 1523 1369 1581 te·

354 1647 441 1704 men
454 1623 530 1720 ejus
553 1628 753 1722 dependeat
773 1627 875 1725 cujus
897 1649 942 1702 ex
963 1619 1298 1723 prioratus'ordine
1317 1623 1370 1699 lo·

354 1764 419 1820 cus
436 1744 581 1837 petendi
597 1759 683 1817 tunc
700 1743 889 1835 proximus
907 1745 1081 1841 debetur,
1113 1747 1174 1841 qui
1191 1745 1218 1821 st
1238 1743 1370 1826 sorteo

354 1862 562 1965 petentibus
581 1863 614 1939 dr
632 1885 654 1935 a
674 1863 844 1959 Capitulo
858 1880 1026 1939 exoratus
1039 1866 1239 1941 cedendum
1257 1864 1370 1940 duxe-

354 1987 407 2064 rit
423 2006 465 2058 ea
482 1982 576 2072 vice,
598 1982 656 2078 jus
667 1978 771 2055 suum
782 2003 827 2056 ex
841 2005 883 2055 eo
901 1983 937 2057 in
952 1983 1053 2058 nullo
1067 1985 1176 2059 debet
1187 1983 1368 2080 periclito·

354 2099 407 2194 ri,
430 2097 488 2175 sed
506 2094 716 2194 insequenti
734 2102 922 2176 vocatione
941 2096 1011 2172 fine
1027 2098 1368 2196 cujuscunquemo-

354 2212 571 2292 nadiclione
583 2214 804 2287 admittetur.
855 2209 954 2286 Idem
967 2211 1151 2287 censemus
1174 2215 1218 2288 de
1236 2213 1291 2289 his
1309 2213 1370 2312 qui

354 2327 573 2413 aucloritate
589 2324 678 2400 sedis
694 2324 886 2419 apostolice
903 2326 939 2401 in
960 2325 1056 2401 dicia
1074 2329 1193 2404 nostra
1213 2329 1367 2410 uectem

352 2451 515 2558 gratiam
532 2447 696 2524 obtinent
715 2446 748 2519 dr
767 2444 988 2541 prebendam
1004 2448 1064 2522 seu
1080 2450 1286 2541 prebendas
1303 2451 1366 2541 ali·

306 2620 308 2623 -
354 2572 458 2674 cuius
473 2572 540 2678 vel
554 2570 759 2665 aliquorum
776 2568 911 2643 evincit
929 2571 988 2645 uel
1006 2555 1179 2677 evincunt
1195 2569 1365 2650 effeciua·

352 2699 457 2786 liter,
478 2695 539 2787 qui
558 2692 646 2767 tales
664 2689 791 2785 evicii,
814 2695 978 2789 quotiens
995 2694 1104 2771 etiam
1119 2694 1365 2794 contigeritin
1408 2771 1411 2782 1

350 2816 515 2912 sequenti
531 2813 716 2887 vacatione
726 2814 845 2887 locum
860 2805 1061 2909 habebunt,
1078 2816 1276 2892 dunnuodo
1287 2838 1366 2917 pre·

354 2932 442 3008 uitii
479 2929 649 3011 Cottonici
676 2928 723 3006 fic
751 2930 939 3028 litigantes
966 2929 1204 3009 effeilualiter
1240 2949 1366 3012 contro

351 3047 433 3126 suos
449 3044 673 3121 adversarius
690 3042 725 3118 se
742 3045 951 3141 defendant,
976 3045 1100 3142 quodsi
1117 3069 1190 3123 non
1203 3044 1365 3130 facerent

352 3167 497 3248 &sorte
511 3161 589 3237 suos
605 3164 828 3240 adversarios
841 3184 968 3240 contra
981 3166 1074 3261 ipsos
1090 3168 1364 3262 inpenamcon·

350 3281 506 3358 tumacie
521 3282 717 3373 procedere
736 3283 1009 3375 permitterent,
1033 3283 1092 3355 vel
1113 3282 1197 3357 alias
1228 3284 1364 3377 proba·

333 3377 476 3490 biliter
492 3391 715 3490 negligentes
740 3391 873 3484 essent,
888 3389 957 3468 'ille
982 3396 1040 3468 vel
1063 3394 1116 3469 illi
1143 3396 1361 3498 quicumque

349 3508 511 3589 effentad
522 3510 608 3583 elias
624 3512 826 3605 prebendas
843 3530 1033 3586 vacaturas
1050 3507 1186 3589 virtute
1197 3517 1369 3616 prediile¹

337 3630 603 3739 'nominationis
622 3634 757 3708 nullasu
770 3631 869 3729 spem
883 3634 1090 3730 habebunt,
1122 3658 1188 3711 nec
1210 3637 1294 3737 ipsis
1315 3638 1361 3720 ad

346 3749 434 3827 alias
449 3748 650 3843 prebendas
665 3751 833 3825 volumus
851 3750 1007 3849 obligari
1020 3752 1081 3826 illa
1101 3751 1193 3828 vice.

421 3941 597 4038 Volumus
613 3940 721 4013 etiam
738 3938 1007 4035 &presentibus
1023 3943 1247 4039 ordinamus,
1262 3949 1359 4042 quod

261 4106 263 4110 a
344 4048 496 4147 quilibet
509 4046 761 4144 premissorum
783 4050 1228 4148 personamrecipiendam
1245 4054 1360 4153 perse
1385 4043 1388 4050 ’

341 4160 459 4267 ipsum
476 4167 536 4266 vel
550 4185 617 4265 per
631 4163 769 4246 litteris
786 4162 850 4245 suo
864 4167 1039 4268 pendenti
1052 4164 1169 4272 sigillo
1187 4167 1359 4273 figuratas

1242 4296 1315 4365 'aut
