3409 5117
751 568 1025 633 mm
1218 539 1332 664 *esa

349 724 414 821 seo
431 726 597 823 procliue
613 730 736 809 nostre
760 733 922 813 societati
941 717 1298 811 stvecoadunacioni
1313 733 1379 810 ad«

350 843 485 924 herere
504 853 668 928 nolentes
685 854 761 932 five
786 856 1074 933 contradicentes
1098 852 1118 929 ai
1141 856 1262 930 nostro
1287 863 1377 929 con·

349 953 524 1037 sarcio&
550 986 642 1043 voce
666 969 861 1067 capitulari
889 969 927 1044 in
949 965 1012 1045 sua
1028 966 1177 1046 ecclcsra
1199 966 1277 1044 oo
1306 987 1376 1042 no·

347 1075 425 1157 stro
459 1078 617 1181 collegio
653 1085 797 1178 penitus
821 1083 891 1164 stut
930 1083 1064 1163 exclusa
1096 1082 1132 1159 dt
1164 1077 1373 1159 nichilomi-

347 1207 420 1266 nus
442 1194 466 1270 fi
489 1196 560 1277 hoc
591 1222 721 1280 corum
743 1202 944 1300 pertinacia
973 1201 1151 1280 meruerit
1176 1219 1377 1298 apercep-
1435 1189 1438 1196 ’
1463 1222 1465 1225 ⁴

347 1306 456 1385 cioae
477 1308 668 1390 frudiuum
694 1317 967 1415 prebendarum
988 1312 1136 1392 suarum
1156 1314 1192 1391 dt
1211 1314 1373 1393 aliorum

347 1418 612 1507 beneficiorum
633 1433 761 1528 quein
782 1430 859 1526 ipsa
873 1432 1020 1513 ecclesia
1043 1431 1208 1527 optinent
1226 1425 1376 1523 suspeu-

345 1534 480 1612 dantur
492 1556 566 1617 tam
578 1541 641 1620 diu
658 1546 773 1625 donec
790 1545 810 1626 l
825 1540 886 1624 sua
895 1544 1096 1641 pertinacia
1112 1537 1295 1637 resipiscat
1305 1534 1366 1612 vel
1451 1643 1454 1648 ὁ

344 1653 726 1753 refipilcantdcnobis
747 1686 790 1741 ac
820 1660 975 1759 ecclesrjs
997 1656 1374 1738 nostris-satisfaciant-
1426 1703 1429 1718 .

344 1772 408 1846 uel
439 1768 632 1854 satisfaciat
656 1793 919 1876 competenter.
979 1776 1072 1856 Item
1096 1774 1283 1852 statuimus
1291 1760 1374 1848 'vei

344 1887 595 1985 promittimus
619 1888 684 1968 sub
712 1892 784 1971 lide
810 1905 882 1991 qua
910 1888 1022 1987 supra
1043 1891 1091 1965 ad
1115 1887 1241 1966 futura
1272 1883 1372 1981 peri·-

343 2007 429 2084 cula
449 2008 679 2103 precavenda
697 2011 795 2106 quod
819 2006 970 2084 finobls
990 2003 1157 2103 personis
1173 2004 1233 2080 vel
1254 2001 1371 2078 eccle·

343 2121 402 2218 fiis
426 2122 555 2201 nostris
581 2119 804 2221 conjunctim
825 2125 887 2201 vel
913 2121 1055 2200 divisam
1079 2120 1100 2198 d
1136 2138 1371 2218 quocumque

343 2243 470 2337 aliqua
484 2240 702 2342 gravamina
718 2260 848 2325 contra
863 2243 1039 2340 justiciam
1061 2239 1246 2319 occasione
1260 2240 1369 2335 hujus

341 2359 466 2437 nostre
489 2353 668 2436 societatis
694 2355 756 2433 seu
780 2357 1057 2435 coadunaciouis
1071 2354 1252 2438 inferatur
1277 2374 1370 2450 quo·

339 2492 502 2569 cumque
530 2472 640 2546 modo
664 2474 785 2550 nostra
807 2470 946 2554 socialis
969 2472 1187 2549 coherentia
1213 2465 1278 2548 sub
1298 2490 1370 2564 ,pe-

340 2592 399 2667 nis
415 2584 593 2684 premitus
614 2586 651 2661 dr
664 2588 735 2670 fide
749 2590 898 2686 prestita
912 2590 949 2668 in
965 2585 1019 2663 sui
1039 2586 1268 2665 cononencia
1282 2600 1375 2683 per·.

341 2705 494 2786 durabit
528 2703 568 2779 do
595 2705 809 2785 inconvulso
840 2709 986 2803 penitus
1018 2702 1264 2804 permanebit,
1312 2704 1378 2781 lta·
1414 2747 1416 2760 ι

342 2829 445 2927 quod
465 2824 521 2902 'fic
540 2842 696 2927 gravato
721 2829 781 2903 vel
810 2829 973 2929 grauun
993 2842 1121 2910 contra
1147 2821 1368 2926 'gravantem

343 2959 599 3042 quemcunque
631 2941 730 3017 omni
762 2941 834 3019 fide
862 2944 898 3020 dc
923 2941 1010 3032 totis
1042 2941 1185 3019 viribus
1205 2939 1379 3039 injuria·

339 3058 395 3138 sui
418 3058 678 3159 prosecucione
696 3059 853 3138 fideliter
868 3060 1063 3138 allidamus
1077 3059 1116 3135 ‘dt
1137 3058 1164 3136 ll
1180 3057 1365 3137 occasione

340 3180 452 3276 huius
482 3182 603 3257 nostre
627 3177 815 3257 Societatis
837 3178 914 3257 five
937 3178 1293 3259 coadunacionisivel
1308 3179 1372 3255 ale

339 3302 457 3380 terim
478 3298 584 3378 cause
618 3298 877 3398 cujuscumque
902 3300 949 3377 ob
971 3323 1049 3376 cam
1070 3294 1234 3376 suscitate
1249 3293 1374 3395 aliqui.

340 3413 402 3487 vel
429 3408 559 3508 aliquis
587 3431 634 3485 ex
662 3407 767 3485 uobis
809 3408 965 3505 suspenss
988 3409 1047 3484 vel
1085 3404 1270 3504 suspensus
1300 3429 1361 3485 ex·

336 3528 598 3609 communicati
628 3530 688 3602 vel
714 3528 1051 3604 excommunicatus
1066 3528 1125 3602 vel
1145 3528 1253 3603 aliter
1268 3527 1380 3624 iujo-¹

334 3648 386 3729 lle
408 3645 556 3749 gravmi
580 3647 640 3722 vel
662 3660 838 3746 gravatus
853 3646 993 3722 luerint
1008 3646 1067 3720 vol
1088 3642 1244 3722 fuerita
1270 3664 1362 3743 quo-

332 3786 507 3863 cumque·
525 3764 623 3860 quod
648 3784 712 3839 nos
741 3762 776 3837 dt
802 3760 950 3839 ecclesr'e
976 3750 1097 3842 nostre
1127 3758 1209 3856 ipsts
1234 3759 1269 3837 u
1295 3760 1384 3858 ipll·

332 3879 532 3959 assistemus
548 3880 635 3954 totis
651 3877 793 3954 viribus
819 3880 855 3953 dr
878 3880 1132 3957 nichilominus
1147 3880 1360 3974 indempnes
1381 3883 1390 3924 ³
1445 3945 1450 3957 .

332 4003 397 4081 vel
415 4001 648 4097 indempnem
671 3998 867 4075 reddemus
888 4002 933 4076 ad
950 4001 1214 4079 estimacionem
1238 3996 1362 4095 perso·
1383 4037 1388 4054 ·

328 4124 467 4198 narum
486 4139 557 4215 que
577 4119 623 4193 ad
645 4117 717 4191 hoc
737 4112 875 4190 fuerint
900 4118 1092 4211 deputate,
1112 4134 1302 4218 traaucem
1322 4118 1361 4195 in
1383 4133 1389 4156 ¹

327 4228 488 4311 dubium
503 4229 625 4329 polilt
649 4227 818 4308 revocari
853 4226 1059 4416 capsarum
1092 4253 1293 4420 gravameln
1317 4231 1359 4312 it
1375 4247 1392 4290 ·.·

946 4364 972 4435 4
1272 4368 1309 4439 e,-
