3409 5117
659 544 932 609 mm
1189 534 1265 643 '2³7

280 703 396 805 eidia,
424 700 557 786 uellent
577 700 612 781 dr
635 700 837 781 abstineant
855 718 968 798 atque
990 700 1182 791 fraudibus
1203 712 1242 789 dr
1256 711 1316 791 lli.

278 819 392 916 mulis
417 818 559 916 antiqui
585 813 695 892 hostis
720 814 880 889 resistant
902 813 938 889 dr
959 815 1155 898 secundum
1173 817 1314 901 sanno-

278 947 366 1004 rum
382 930 543 1007 instituta
560 943 707 1026 parrum
723 925 874 1015 vivant,
899 934 1164 1031 mandatisque
1181 936 1313 1013 nollris

277 1042 317 1116 dr
340 1040 565 1139 protelilbus
591 1040 625 1115 dr
650 1035 963 1137 predecessoribus
992 1048 1121 1126 nostris
1144 1048 1181 1126 dr
1205 1050 1313 1126 nobis

278 1157 387 1233 e'ditis
404 1155 510 1235 fabbis
527 1151 779 1245 demanaris,
803 1172 874 1250 que
887 1158 1009 1242 onmia
1023 1161 1061 1236 dr
1080 1184 1171 1262 quos
1187 1169 1312 1242 omnes

275 1268 384 1367 juxta
399 1268 437 1343 dr
460 1264 655 1343 seeundum
672 1262 920 1343 omnimodam
938 1277 1138 1353 eorundem
1161 1274 1312 1352 statuto.

275 1385 364 1459 rum'
393 1378 652 1451 mandatorum
674 1373 709 1450 u
735 1367 966 1466 procelluum
985 1382 1061 1459 vim
1087 1380 1246 1465 formam
1273 1384 1312 1462 dr

273 1492 539 1599 continentiam
571 1486 636 1564 sub
662 1486 840 1565 universis
866 1489 904 1567 dr
938 1493 1087 1598 fingulis
1115 1499 1153 1576 in
1175 1498 1312 1580 eisdem

274 1605 457 1687 contentis
470 1604 761 1704 &promulgans
776 1626 845 1679 nec
858 1628 931 1684 uon
948 1611 1186 1712 gravioribus
1200 1614 1311 1692 etiam
1402 1608 1414 1626 ⁸

270 1722 481 1823 urbitrariis
498 1742 566 1820 per
585 1744 649 1798 nos
671 1721 732 1796 vel
751 1719 930 1809 vicarium
955 1726 1119 1806 nostrum
1139 1728 1308 1833 infligen-

273 1854 332 1929 dis
350 1848 453 1946 penis
468 1839 650 1938 sententiis
666 1836 702 1914 dr
721 1839 883 1920 uensuris
906 1862 976 1941 per
998 1844 1182 1943 presentes
1204 1853 1310 1929 inno·

274 1989 409 2046 vamus
432 1959 469 2038 dr
493 1959 683 2037 oblervari
703 1958 963 2037 demandamus
990 1961 1200 2040 realiter&
1222 1989 1310 2049 eunt

249 2067 252 2069 ’
271 2084 411 2165 effedlu
437 2076 656 2155 satisfaciant
673 2093 829 2171 pareant
847 2076 883 2159 tit
898 2075 1074 2155 obediant
1091 2095 1134 2158 ut
1151 2086 1308 2165 mundas

271 2207 323 2284 ad
335 2197 538 2278 Dominum
556 2213 683 2269 manus
704 2193 832 2269 levare
850 2194 998 2272 valeant
1015 2195 1053 2271 dr
1068 2219 1143 2273 non
1159 2197 1307 2295 vitupe-

272 2339 379 2406 retur
395 2311 633 2418 ministerium
648 2330 803 2403 eorum,
842 2307 1307 2408 lnsuperadnostramde·
1357 2407 1363 2420 „

272 2436 379 2510 venit
391 2426 558 2501 notitiam
574 2424 760 2520 quomodo
778 2421 946 2519 plerique
964 2420 1169 2501 sacerdotes
1184 2430 1306 2508 curati
1345 2426 1355 2494 f'

235 2530 244 2540 ⁸
270 2554 308 2628 da
322 2567 455 2625 eorum
472 2543 569 2619 vices
589 2557 757 2644 gerentes
775 2541 922 2637 quando
939 2537 1170 2620 salutiferum
1186 2548 1306 2627 Buba.

268 2668 371 2748 ristie
390 2659 654 2738 sacromentum
675 2657 724 2730 od
745 2654 909 2733 inlinnos
925 2670 1078 2752 portare
1093 2656 1168 2732 five
1185 2663 1305 2741 defer·

269 2812 313 2868 re
331 2786 448 2863 solent
458 2796 588 2875 operta
603 2776 774 2854 fronte&
790 2775 893 2877 vagis
909 2791 1021 2875 atque
1035 2773 1202 2892 dispersis
1216 2806 1303 2862 ocu.

270 2905 314 2980 lis
343 2898 537 2975 hincinde
568 2888 792 2986 respiciendo
813 2911 856 2965 ae
876 2889 938 2988 ulij
967 2888 1005 2965 in
1032 2890 1142 2970 facies
1170 2917 1304 2979 eorum

268 3008 478 3108 olpiciendo
493 3004 618 3099 patule
631 2997 816 3075 transeunt
835 3004 935 3095 quod
954 3002 1082 3099 utique
1097 3026 1171 3081 nort
1189 3028 1303 3105 expe·

231 3134 234 3137 ’
267 3138 322 3211 dit
330 3153 450 3229 neque
460 3129 579 3217 decet,
596 3118 685 3220 quin
699 3139 824 3219 ymmo
836 3120 1070 3200 nuniiliteru
1088 3126 1302 3210 devotens-

267 3254 367 3329 nelle
387 3273 430 3323 ae
446 3260 661 3325 reverenter
675 3237 809 3336 absque
825 3242 902 3319 ullo
918 3240 1056 3320 sinistro
1071 3241 1221 3342 aspeuu
1239 3246 1304 3327 seu

254 3364 439 3463 serpedo
469 3363 692 3460 portandum
717 3357 753 3434 dr
781 3356 1021 3440 deferendum
1055 3361 1126 3455 ell,
1164 3364 1302 3443 ideireo
1368 3383 1369 3386 ‘
1406 3413 1411 3420 »

268 3481 439 3557 omnibus
457 3478 492 3553 d
509 3476 656 3576 lingulis
686 3474 850 3571 plebanis
869 3480 1003 3555 curatis
1027 3479 1112 3558 viee
1135 3479 1301 3578 plebanis

267 3596 595 3699 &quibuscunque
614 3587 694 3687 aliis
709 3590 850 3668 clericis
859 3590 926 3667 sub
942 3594 1064 3672 nostra
1078 3593 1301 3693 iurisdibtio·

265 3747 314 3802 ne
332 3717 536 3798 constitutis
560 3714 598 3790 in
624 3716 763 3791 virtute
781 3709 903 3789 sandle
922 3716 1132 3794 obedientie
1151 3717 1187 3791 dr
1210 3718 1301 3795 ulios

240 3867 242 3872 ·
268 3836 336 3915 sub
350 3858 446 3933 pena
461 3832 660 3909 arbitraria
676 3851 745 3927 per
759 3851 825 3906 nos
846 3832 905 3907 vel
919 3831 1112 3908 ‘vicarium
1138 3832 1303 3912 nostrum

267 3951 470 4055 infligenda
487 3946 646 4025 distridte
660 3948 898 4044 precipiendo
912 3950 1149 4047 mandamus,
1174 3964 1303 4047 quote·
1370 3972 1372 3975 ’

265 4087 335 4142 nus
351 4068 441 4142 dom
459 4066 603 4160 quando
621 4060 655 4136 dt
671 4061 837 4157 quotiens
856 4061 1068 4160 hujusmodi
1092 4058 1297 4145 sacromen-

265 4200 347 4270 tum
363 4179 632 4267 Eulmrilliead·
654 4176 821 4262 infirmos
840 4175 1132 4281 deferrovolunt
1148 4177 1184 4255 dt
1199 4175 1304 4258 defo

1159 4318 1249 4383 runt
