3409 5117
741 566 1011 634 ww
1220 535 1339 659 'an

363 724 481 806 inerit
513 726 750 821 celebranda,
776 729 814 806 in
843 754 916 829 qua
949 727 1127 808 discordia
1146 726 1233 806 lieri
1258 723 1385 805 verili·

366 846 509 925 militer
540 845 794 943 presumatur,
823 845 956 946 prelati
979 845 1013 921 dc
1038 840 1195 923 seniores
1219 864 1264 921 ac
1284 840 1384 939 perif

357 960 480 1038 ciores
500 962 657 1041 aliorum
674 961 991 1040 ecclcfiasticarum
1006 956 1215 1056 hujusmodi
1231 954 1408 1046 eleccio,

361 1097 448 1153 nem
481 1096 627 1158 mature
651 1081 686 1157 d
720 1076 874 1157 studiose
904 1077 1124 1176 preveniunt
1142 1096 1187 1155 ac
1211 1094 1280 1171 pro
1304 1084 1385 1147 toto

359 1185 463 1285 poll'e
484 1190 549 1267 suo
578 1194 625 1269 ad
657 1191 891 1271 concordiam
922 1185 1182 1269 inlbrmentde
1212 1188 1385 1266 inducant

360 1304 553 1382 electores.
602 1304 777 1385 Ceterum
793 1305 820 1384 fi
836 1307 916 1406 quis
934 1307 979 1383 de
1002 1304 1125 1404 aliquo
1140 1303 1382 1403 collegiorum
1476 1308 1480 1313 “

357 1422 569 1500 nostrorum
591 1442 671 1501 renr
692 1422 852 1523 aliquam
876 1423 1051 1501 mobilem
1074 1436 1152 1500 aut.
1167 1420 1381 1503 inmobilem

355 1537 508 1617 ecclesie
522 1534 587 1615 sue
615 1539 769 1637 propria
798 1537 1020 1619 aduncitate
1042 1540 1101 1617 vel
1127 1538 1255 1637 pocius
1269 1552 1382 1613 teme

362 1658 477 1734 ritate
511 1673 642 1735 ronna
675 1662 905 1738 voluntatem
942 1658 1132 1757 prelati&
1155 1654 1301 1759 collegii
1327 1649 1381 1729 sui

356 1766 423 1847 seu
446 1770 596 1867 majoris
622 1773 684 1847 uel
715 1770 866 1855 sanioris
895 1775 1010 1871 partis
1038 1771 1200 1872 eiusdem
1225 1790 1378 1865 occupa·

357 1887 459 1963 verit
482 1886 517 1963 dr
545 1909 626 1965 corn
648 1906 901 1987 competenter
922 1891 1082 1970 monitus
1098 1888 1289 1967 restituere
1307 1904 1381 1962 non

355 2003 548 2081 curaverit
569 2004 590 2080 i
612 2002 676 2082 suo
701 2007 917 2112 collegio&
937 2005 959 2084 d
990 2007 1111 2085 nolint
1135 2002 1316 2082 Societate
1335 2028 1380 2088 ac

353 2120 546 2201 consortio
569 2123 650 2222 post
667 2122 805 2224 lapsum
828 2125 976 2204 termini
1004 2122 1219 2236 monicionis
1236 2118 1302 2206 libi
1322 2114 1377 2193 fa·

354 2240 418 2319 dle
447 2262 490 2316 eo
520 2240 598 2339 ipso
630 2241 675 2321 snt
708 2242 873 2323 exclusus
905 2267 973 2324 nec
1000 2265 1073 2322 non
1098 2237 1203 2319 isuo
1232 2238 1378 2336 prelato

354 2350 643 2453 ibspenlionitdr
663 2361 1057 2439 excommunicacionis·
1076 2356 1102 2435 li
1123 2356 1195 2433 hoc
1222 2349 1378 2431 rebellio

352 2472 397 2550 dc
425 2475 624 2572 pertinacia
648 2476 757 2575 iplius
785 2481 952 2581 exegerit
980 2472 1166 2574 sentenciis
1198 2468 1379 2574 percella-

352 2610 419 2672 tur
437 2610 512 2672 tam
534 2594 597 2670 diu
620 2593 737 2673 donec
755 2599 802 2673 ad
817 2595 1067 2675 obedienciam
1090 2590 1234 2670 rediens
1252 2606 1376 2666 emen·

353 2716 439 2792 dam
463 2712 662 2810 preliiterit
678 2730 961 2815 competentem.
1010 2714 1110 2792 ldem
1142 2732 1288 2811 quoque
1311 2706 1376 2787 liet

349 2831 399 2907 de
427 2827 581 2925 illisqui
606 2829 754 2924 prelatis
778 2828 849 2908 suis
868 2834 906 2909 in
922 2829 1036 2909 'ncitis
1060 2823 1267 2906 honestis&
1288 2846 1376 2902 con·
1463 2853 1481 2912 f

348 2939 464 3020 suetis
479 2939 634 3017 rebelles
651 2938 791 3019 fuerint
804 2944 942 3020 bonum
965 2939 1174 3019 obediencie
1189 2948 1375 3029 contemp-
1451 2953 1462 2976 ·

348 3050 474 3129 nendo
499 3070 583 3127 cunr
608 3052 727 3149 turpis
751 3052 990 3153 superoque
1015 3050 1079 3130 suo
1103 3072 1176 3127 non
1202 3048 1374 3148 congruit

348 3161 536 3243 universo.
586 3164 668 3243 sane
695 3192 777 3246 cum
804 3170 938 3268 prelati
963 3168 1124 3271 subditos
1148 3164 1230 3244 suos
1259 3162 1375 3242 delin.

346 3302 503 3381 quenter
524 3285 573 3367 fic
601 3312 684 3368 cunr
701 3292 951 3371 moderamine
974 3293 1165 3393 corrigere
1185 3285 1374 3387 polluto

346 3404 508 3507 debeant
535 3421 578 3483 ut
609 3406 759 3483 modum
790 3428 864 3483 non
895 3408 1162 3500 excedant,ne
1201 3403 1376 3492 videlicet

341 3518 514 3597 vinclo·
533 3519 660 3616 pocius
687 3543 794 3618 quam
818 3521 1005 3632 correceio
1032 3520 1224 3614 videatur,
1247 3514 1373 3596 llatui·

342 3661 429 3719 mus
461 3640 628 3739 utsrquis
653 3640 882 3720 subditorum
908 3646 953 3719 de
975 3644 1202 3720 inmoderata
1224 3662 1372 3719 correc-

341 3759 452 3840 oiooe
474 3761 608 3858 prelati
630 3759 685 3839 sui
706 3760 866 3841 societati
890 3764 1010 3841 nostre
1026 3761 1289 3861 querimoniam
1306 3763 1379 3838 de«

340 3870 733 3952 tulerlt'Diffinitores
772 3878 885 3954 nostri
909 3872 971 3951 seu
1004 3872 1195 3972 personed
1220 3874 1369 3975 stngulir

339 3982 502 4083 ecclesiis
522 3999 570 4062 vut
592 3987 821 4084 premittitur
847 3989 1015 4089 eligende
1037 3986 1097 4064 seo
1119 3987 1238 4088 major
1256 3987 1291 4066 dt
1306 3984 1367 4082 ¹se·

331 4093 429 4183 ,nior
443 4115 529 4193 pars
544 4103 743 4178 earundem
754 4100 1025 4179 correccionem
1043 4098 1252 4201 hujusmodi
1264 4097 1370 4199 juxta
1389 4116 1392 4124 ’

335 4206 559 4310 cudbertum
598 4209 761 4294 excelsus
802 4211 1081 4293 meionaburter
1113 4212 1369 4304 moderentur,

918 4322 994 4420 23
1252 4324 1346 4408 iton
