3409 5117
764 710 1006 869 var
1076 685 1082 694 ’
1126 689 1133 698 ’

580 923 776 1045 Juotnte.
846 930 1166 1072 Lxxxunn

330 1135 583 1315 Lndovicus
608 1136 679 1213 Dei
701 1136 819 1239 gratia
843 1130 1042 1231 Episcopus
1060 1131 1224 1231 spireufis
1245 1137 1368 1220 Vene·
1447 1135 1463 1183 ·“

427 1254 604 1330 rabilibus
630 1252 698 1328 dre.
758 1252 853 1328 Cum
878 1272 1022 1327 omnem
1049 1250 1178 1327 statum
1204 1254 1369 1335 ecclessa-
1462 1349 1465 1354 ἱ

329 1380 461 1456 sticum
481 1374 538 1450 his
562 1373 789 1471 temporibus
810 1371 1075 1468 tranquillitate
1093 1369 1156 1448 sua
1179 1374 1368 1470 privatum
1407 1433 1411 1439 -

329 1494 524 1569 videamus
541 1488 576 1564 dc
593 1488 753 1585 undique
771 1485 961 1587 insurgant
975 1486 1038 1583 qui
1056 1487 1207 1564 devotus
1226 1508 1367 1572 mentes

328 1606 583 1689 interturbare
606 1621 808 1701 conantur,
837 1625 910 1680 non
925 1602 990 1678 obs
1016 1622 1060 1678 re
1078 1599 1193 1679 visum
1210 1604 1368 1706 foitpro
1397 1693 1401 1698 ,

329 1728 442 1807 tantis
464 1724 701 1802 incommodis
715 1727 761 1799 nd
779 1724 995 1800 intemerate
1020 1721 1179 1822 virginis
1188 1725 1368 1808 auxilium

327 1840 534 1940 confugere
557 1858 634 1934 que
649 1834 819 1932 precibus
841 1830 912 1909 suis
938 1835 1100 1911 omnium
1127 1836 1283 1913 hostium
1299 1863 1366 1917 no·

330 1962 495 2038 strorum
525 1950 673 2029 confilia
698 1953 805 2028 irrita
839 1972 1007 2047 vaneque
1034 1954 1190 2028 reddere
1207 1953 1367 2056 indubie
1466 1951 1471 1961 '

329 2072 454 2163 novit,
478 2092 560 2145 eum
576 2069 623 2144 ob
639 2088 718 2143 rem
734 2066 772 2141 in
787 2066 926 2142 virtute
942 2063 1064 2152 senile
1079 2066 1366 2168 obedientiexdi·
1405 2114 1410 2124 x

328 2187 455 2273 stribie
470 2184 705 2283 precipiendo
721 2183 986 2263 mandamusin
1005 2177 1173 2262 orionibus
1189 2186 1365 2287 collegia·
1441 2264 1445 2268 .

328 2306 376 2382 tis
401 2291 731 2396 &parochialibus
765 2293 921 2391 ecclesiis
949 2294 1267 2395 juencujmnbet
1291 2301 1364 2378 loci

330 2418 622 2514 oportunitatem
648 2414 772 2512 aliquo
797 2412 946 2511 mbatbo
968 2417 1259 2493 convenientiori
1279 2435 1364 2495 ante

329 2535 466 2616 sellum
494 2529 740 2607 Penthecostes
774 2526 945 2623 proxime
968 2524 1133 2608 futurum
1156 2526 1366 2613 solemniter

329 2652 520 2755 decantari
535 2646 653 2725 milies
671 2646 901 2724 inhonorem
910 2652 1267 2731 commemorationis
1279 2655 1365 2736 bea-

328 2767 465 2864 tillrme
481 2769 603 2847 Marie
623 2765 784 2867 Virginis
801 2764 837 2846 e
856 2766 892 2840 in
907 2769 1111 2866 parrochiis
1127 2771 1365 2857 dieDomini·

325 2920 373 2976 ea
394 2894 568 2990 proximu
591 2883 801 2982 precedenti
829 2878 1039 2979 hujusmodi
1074 2893 1215 2987 populo
1241 2870 1388 2989 publi-ix

326 3030 478 3103 centur,
513 3024 554 3082 ut
576 2998 614 3072 dc
637 3000 808 3076 devotius
833 3003 881 3075 ad
908 3004 996 3080 tales
1023 3003 1139 3081 milies
1163 3011 1363 3086 convolare

325 3117 454 3231 polilt,
479 3123 688 3199 Inhibemus
708 3119 818 3194 etiam
839 3142 884 3196 ne
902 3122 1158 3224 Rogecionum
1173 3112 1379 3202 Ascendo:

325 3250 386 3328 nis
401 3240 553 3319 Domini
569 3243 627 3316 vel
647 3235 726 3336 aliis
742 3236 868 3314 diebus
894 3261 978 3315 cum
996 3241 1099 3315 vanis
1114 3239 1150 3313 dt
1172 3243 1365 3319 detestabi·
1457 3272 1462 3289 ·

325 3365 430 3443 libus
453 3353 753 3432 ‘dillolutionibus
781 3375 909 3430 cruces
934 3355 1070 3431 vexilla
1095 3356 1131 3431 dc
1155 3354 1364 3441 sanctornm

324 3480 489 3575 reliquie
508 3491 550 3549 ut
570 3473 730 3549 incertis
745 3471 840 3549 loeis
861 3470 999 3549 fabium
1014 3474 1149 3550 exstitit
1163 3481 1361 3577 deporten-
1383 3459 1387 3470 ⁴

327 3595 409 3691 tor,
437 3591 496 3669 sed
514 3592 690 3690 precipue
706 3590 829 3667 clerici
846 3613 931 3672 eum
952 3591 1158 3671 humilitate
1173 3596 1246 3672 fine
1258 3621 1360 3676 mur·

325 3711 440 3794 mure
467 3713 503 3788 oz
525 3710 598 3788 risu
611 3714 780 3789 incedant
796 3728 914 3809 neque
938 3713 1046 3788 etium
1067 3716 1290 3794 Eucharistic
1305 3716 1360 3797 sa·

327 3847 562 3919 crementum
580 3851 649 3926 per
664 3830 822 3925 Campos
840 3829 900 3903 vel
911 3829 1118 3907 circuemen
1132 3829 1361 3932 quoquomo·
1461 3856 1463 3862 '

328 3962 379 4035 do
402 3948 528 4044 aliquo
557 3947 700 4023 dierum
724 3959 878 4044 portent
901 3942 1132 4045 seuportnri·
1148 3952 1363 4047 permittant

326 4067 482 4161 dempto
498 4060 767 4158 fellocotporit
789 4058 922 4139 Chrill'i
939 4049 1154 4161 quecuntjue'
1169 4053 1361 4147 eonsuetu-
1383 4142 1385 4147 .

326 4183 417 4264 dine
430 4156 608 4260 hedenus
627 4172 837 4258 introdudia
862 4196 937 4254 non
957 4176 1138 4274 obstante,
1163 4172 1230 4260 nist
1251 4185 1363 4267 liceto.-

1263 4302 1315 4382 tia
1474 4300 1477 4306 ’
