3409 5117
698 477 1007 590 W*
1111 590 1113 594 «
1233 521 1304 623 aro

767 680 935 792 LXV.

459 813 492 924 Ῐ
591 879 780 974 materni.
836 884 1093 977 dxxxvi.

323 1061 582 1247 Lndovicus
613 1058 686 1138 Dei
711 1063 833 1163 gratia
866 1061 1065 1163 Episcopus
1098 1062 1262 1163 spirensis
1288 1065 1358 1154 dic.
1475 1132 1476 1135 a

316 1196 329 1257 5
370 1248 377 1256 ,
420 1180 525 1279 juxta
540 1174 678 1254 credite
701 1172 972 1274 dispensationis
1001 1176 1164 1259 officium
1187 1179 1360 1283 regimini

323 1286 434 1378 nobis
456 1290 727 1374 commissorum
753 1315 828 1399 non
853 1295 1039 1374 immerito
1062 1294 1267 1374 insudantes
1287 1318 1359 1395 pro

324 1402 479 1488 illorum
496 1407 660 1485 omnium
682 1404 869 1508 figimnter
888 1410 1108 1488 clericorum
1123 1432 1285 1509 quorum
1300 1410 1358 1488 vi·

322 1540 365 1599 na
381 1523 419 1601 dr
434 1520 664 1599 conversatio
678 1522 834 1598 aliorum
855 1524 938 1599 veri
963 1524 1152 1625 regiminis
1166 1526 1368 1622 exemplar·

322 1642 399 1723 erre
415 1638 525 1716 debet
539 1637 780 1716 reformandis
804 1638 969 1715 moribus
981 1640 1147 1739 statuque
1162 1636 1357 1718 salubriter

322 1758 521 1859 dirigendo
538 1751 747 1830 suuiiorum
762 1770 910 1854 parrum
927 1757 1075 1831 decreta
1090 1778 1160 1831 nee
1178 1777 1251 1831 non
1269 1778 1358 1853 pro.
1442 1771 1444 1777 ·

323 1875 501 1964 vincialia
516 1870 747 1973 &synodalia
764 1872 925 1949 instituta
938 1870 1121 1971 processus
1137 1870 1356 1954 demandata

323 1985 487 2083 desuper
524 1982 729 2059 luculenter
760 1983 1002 2081 providencia
1033 1979 1123 2057 sieut
1154 1985 1357 2081 equanimi-

323 2121 387 2184 ter
404 2095 586 2204 asmgulis
601 2090 747 2177 summa
762 2100 958 2203 diligencia
978 2084 1357 2177 memoricconrmen·

319 2219 446 2295 danda
462 2242 505 2294 ac
521 2215 653 2295 esseilu
668 2215 910 2317 prosequente
928 2215 1108 2295 servanda
1120 2215 1229 2313 suut,
1254 2233 1297 2293 ut
1312 2217 1358 2294 il·

320 2349 361 2423 1a
386 2332 520 2409 crebra
542 2328 775 2408 revolutione
810 2343 980 2429 repetere
1007 2330 1168 2428 perutile
1191 2326 1357 2407 recense·

321 2471 424 2540 nius,
445 2468 555 2546 quam
577 2449 624 2523 ob
647 2438 727 2525 rem
752 2447 915 2524 distriile
939 2446 1177 2543 precipiendo
1204 2448 1356 2521 mauda-
1390 2467 1393 2481 ¹
1465 2543 1467 2547 ,

317 2588 408 2645 mus
424 2581 601 2665 quatenus
625 2565 757 2669 finguli
777 2564 916 2666 Damni
939 2563 975 2641 dr
1000 2559 1202 2666 Camerarij
1224 2562 1356 2642 statuta

317 2680 572 2781 provincialia
590 2678 624 2753 dr
640 2678 824 2775 synodalia
838 2676 924 2752 aeto
937 2698 1011 2753 nou
1026 2675 1200 2753 habentes
1212 2677 1275 2753 illa
1289 2678 1357 2755 sibi
1429 2726 1433 2732 ·
1478 2749 1481 2754 .

317 2795 544 2873 infraunius
557 2793 685 2873 menfis
698 2794 896 2871 terminum
915 2793 1105 2891 disponere
1122 2793 1159 2870 ἀ
1171 2793 1208 2868 in
1224 2801 1357 2873 eorum

318 2908 654 2992 convoeationibus
676 2910 773 2985 iuter
792 2905 834 2982 se.
852 2902 1073 2983 celebrando
1093 2919 1357 3003 apportarem

321 3029 465 3105 ibidem
480 3040 624 3110 mature
640 3020 743 3117 iuxta
755 3020 932 3115 temporis
942 3019 1163 3119 exigentiam
1178 3022 1251 3121 legi
1264 3044 1354 3120 pro-

320 3131 471 3235 curent,
488 3138 570 3218 sane
586 3141 670 3238 quia
683 3139 902 3244 plerumque
914 3138 1354 3215 executoresultlmarum
1442 3152 1443 3156 ‘

322 3266 561 3339 voluntatum
582 3269 710 3331 coutm
725 3247 966 3347 provincialia
984 3249 1019 3324 dt
1039 3246 1225 3351 synodalia
1246 3251 1356 3326 ilatu-

322 3394 362 3450 ta
376 3371 478 3459 bona
498 3362 755 3439 desuudlorum
774 3383 842 3457 per
860 3357 896 3437 se
914 3374 981 3434 aut
1001 3356 1208 3439 substitutos
1226 3371 1355 3442 emunt
1445 3461 1446 3466 Ν

324 3498 388 3562 aut
405 3481 488 3559 fere
501 3496 696 3576 antequam
708 3474 870 3553 desunili
882 3478 1042 3551 cadaver
1058 3491 1158 3552 terre
1167 3501 1355 3558 commcn-

323 3593 436 3675 detur
464 3594 650 3692 laycorum
679 3590 951 3667 multitudinem
968 3589 1006 3665 in
1024 3589 1188 3666 defuncti
1213 3594 1355 3670 liabita-

322 3716 468 3791 'cionem
493 3731 665 3810 tanquam
682 3712 728 3785 ad
757 3709 999 3806 diripiendam
1020 3715 1172 3812 predam
1189 3716 1363 3791 introdu·

325 3861 414 3923 cunt
431 3838 592 3917 districle
610 3836 676 3911 sub
696 3836 1080 3913 excommunicationis
1104 3860 1198 3933 pena
1215 3840 1357 3920 inhibe·

322 3984 436 4055 mus,
463 3972 505 4029 ut
523 3958 568 4028 de
586 3968 708 4028 cetero
725 3949 819 4024 nulli
842 3950 1060 4042 clericorum
1081 3971 1293 4030 executores
1312 3958 1357 4035 de

324 4063 433 4145 bonis
456 4062 619 4141 defuncti
632 4059 774 4156 aliquid
800 4060 960 4134 vendant
978 4079 1043 4138 aut
1059 4061 1270 4158 distrahant,
1292 4065 1360 4144 nist

323 4184 452 4262 nostra
477 4192 544 4255 aut
560 4170 687 4268 vitari]
703 4169 996 4271 noilrideluper
1007 4173 1204 4280 licentiam
1220 4179 1363 4276 scriptis

505 4308 507 4313 ·
915 4312 920 4324 ·
1071 4312 1079 4367 ·,
1158 4305 1185 4320 ··
1240 4289 1348 4365 οἳ)-ι
