3409 5117
726 509 1001 580 m
1255 532 1338 610 ,κῃ
1396 583 1403 596 ,

326 680 458 764 bieob
472 672 714 784 processuum
730 672 948 753 sinodalium
965 674 1002 753 ἀ
1022 672 1182 756 eliorum
1193 678 1387 758 mundetu·
1410 747 1413 752 .

328 820 421 876 rum
437 790 701 895 predictorum
713 784 870 884 desuper
884 786 905 866 d
919 785 1234 884 predecessoribus
1249 790 1382 878 nostris

328 908 556 987 memoretis
572 920 616 981 ut
628 899 820 1000 prefertur
837 898 1051 981 emissorum
1068 924 1142 981 nun
1156 903 1382 1000 petitionem

330 1023 581 1102 incurrerunt
595 1018 631 1096 dr
646 1017 837 1094 emendem
852 1013 1080 1113 spirituelem
1098 1016 1255 1116 desuper
1275 1042 1297 1097 e
1315 1035 1386 1104 nd·

331 1136 390 1214 bis
409 1136 475 1214 vel
493 1132 636 1211 vicario
649 1128 723 1227 jum
740 1128 839 1206 ditio
864 1128 1046 1224 recipiunt
1063 1126 1245 1210 oisonem
1269 1148 1384 1229 etque

331 1271 566 1354 procurent3
590 1253 690 1351 quod
708 1250 734 1329 st
753 1247 851 1329 sorte
872 1246 1083 1347 hujusmodi
1100 1254 1241 1332 nostres
1260 1252 1385 1331 moni·

331 1379 479 1462 tionem
494 1370 736 1452 avisotionem
753 1369 789 1448 dr
807 1366 1081 1468 tepuistionem
1104 1391 1274 1472 paternus
1292 1392 1382 1470 peu-

330 1499 373 1576 ui
390 1496 593 1599 penderint
604 1507 670 1570 eut
682 1490 772 1568 elias
786 1492 896 1569 surde
907 1489 1029 1571 sorsun
1043 1516 1135 1573 eure
1152 1497 1377 1598 rennuerint,

329 1642 400 1701 nos
421 1624 460 1697 in
474 1637 540 1698 eos
562 1612 627 1690 teli
643 1609 884 1690 correctionis
900 1611 1089 1710 disciplina
1105 1640 1176 1717 que
1195 1620 1284 1697 eiius
1301 1639 1383 1699 me·

330 1739 409 1819 rito
426 1730 588 1813 nanseet
602 1733 640 1809 in
656 1732 895 1829 exemplum,
927 1730 1116 1837 insurgere
1136 1739 1303 1815 volentes
1330 1743 1400 1839 es,

326 1875 436 1935 nunc
449 1866 566 1949 prout
581 1869 630 1926 ex
645 1853 734 1924 tube
754 1846 791 1922 de
806 1867 855 1925 ex
881 1860 970 1923 tunc
990 1867 1105 1947 prout
1121 1874 1280 1931 exnunc
1300 1838 1382 1932 eos·

333 1973 422 2048 dem
441 1960 793 2065 omnesdesrngulos
815 1964 1203 2045 excommonicationis
1230 1967 1380 2067 suspen-

332 2083 498 2168 sionis&
519 2082 609 2160 eiius
629 2101 741 2181 penus
759 2082 798 2159 in
825 2079 1000 2179 pretsciis
1023 2087 1315 2180 prouincialibus
1339 2083 1379 2171 ἁ

331 2204 560 2293 sindonibus
595 2201 819 2308 ptocessibus
851 2219 979 2299 eontra
1015 2205 1199 2283 tniisntodi
1225 2210 1316 2285 lares
1341 2212 1380 2291 ἀ

330 2328 592 2435 promulgetur
631 2324 916 2423 dampnabiliter
946 2324 1137 2405 incurrisse
1169 2317 1390 2428 declarans

332 2458 584 2547 suus„,coutrs
599 2437 695 2540 ipsos
711 2441 823 2520 etium
834 2441 882 2518 ud
898 2442 1096 2519 earundem
1113 2465 1292 2541 penarum
1308 2463 1375 2527 err·
1409 2516 1412 2523 ,

331 2567 543 2648 ecutiomm
559 2559 596 2638 dr
614 2559 807 2663 grevioret
821 2560 996 2640 censurat·
1009 2564 1142 2643 edubie
1159 2545 1375 2676 processuri,

331 2701 374 2765 ut
390 2677 543 2777 insuper
556 2673 690 2754 eisdem
704 2676 883 2782 nubisque
899 2680 1068 2759 omnibus
1085 2680 1122 2757 dc
1133 2681 1373 2791 fitrgulisoliJs
1403 2744 1406 2750 ·

331 2800 510 2904 preditus
532 2792 598 2873 sub
622 2792 799 2875 similibus
823 2798 1209 2880 excommunicationis
1232 2803 1269 2881 dr
1295 2802 1375 2883 sus·

330 2911 516 3016 pennotus
532 2922 644 2986 turne
666 2909 799 2988 divinis
817 2925 927 3010 quern
945 2913 1184 3009 perceptione
1200 2917 1369 3012 omniurn¹

335 3037 531 3118 duarum
548 3030 812 3112 beneficiorum
839 3032 989 3111 suorum
1012 3051 1122 3134 atque
1139 3038 1372 3136 quotidianae
1423 3110 1426 3114 ,
1450 3073 1455 3096 ·

329 3169 417 3232 rum
444 3148 809 3233 distributionumac
828 3149 1047 3251 privationis
1076 3155 1279 3233 eorundem
1304 3159 1372 3243 be·,

329 3276 551 3365 nesciorum
577 3268 711 3367 deaiijs
740 3267 979 3373 gravioribus
1002 3270 1106 3366 penis
1124 3265 1308 3371 sententiis
1332 3267 1395 3360 ἆ·

328 3386 492 3480 censuris
509 3391 620 3469 etiem
635 3388 855 3489 pecuniariis
871 3414 940 3490 per
959 3412 1024 3468 nos
1038 3390 1098 3466 vel
1112 3390 1291 3471 vicarium
1302 3416 1371 3472 nu.

327 3515 446 3598 strum
462 3496 691 3590 antedictum
716 3511 826 3588 etiam
849 3509 1051 3587 arbitrerie
1074 3509 1304 3614 injungendis
1326 3536 1372 3598 ec

327 3627 675 3718 irremissibiliterd
703 3626 1073 3708 contravenientibus
1107 3629 1295 3729 exigendis
1333 3615 1373 3710 de

328 3744 594 3845 extorquendis
620 3743 781 3825 districte
811 3744 847 3822 dr
875 3745 1126 3843 peremptorie
1144 3747 1371 3846 inhibemus,

326 3894 374 3956 ne
389 3866 525 3967 uliquis
544 3864 705 3943 vestrum
727 3862 790 3943 seu
813 3867 1015 3943 eorundem
1035 3867 1284 3965 cujuscunque
1301 3892 1371 3947 no.

326 3983 482 4069 bilitatis
500 3978 563 4059 seu
587 3983 852 4079 preemineurie
879 3981 1022 4060 fueritis
1038 3979 1271 4076 seufuerint,
1301 3990 1374 4065 ali-1

326 4124 440 4201 uuam
459 4105 653 4183 mulierem
676 4102 798 4194 secum
824 4102 1029 4204 suspectans
1043 4107 1079 4183 in
1099 4109 1208 4182 domo
1225 4106 1286 4186 sua
1307 4116 1374 4194 vei

331 4245 442 4311 extre
456 4241 584 4309 tenere
604 4226 668 4310 seu
684 4226 865 4422 nutrire&
900 4252 1021 4331 neque
1048 4230 1177 4309 ceiceis
1204 4234 1372 4320 rostratis

886 4364 913 4438 4
1254 4350 1317 4436 vel
1408 4365 1410 4372 ·
