3409 5117
714 543 982 609 mmm*
1250 554 1305 635 37

327 707 524 788 boramres
540 708 607 786 srbi
620 706 702 806 ipsis
719 702 890 802 expensos
907 704 1087 800 feceruut,
1101 724 1145 782 eo
1159 705 1358 783 tuncedib.

326 824 420 898 carni
430 826 475 896 de
490 845 612 898 annuo
627 819 731 898 censu
739 819 947 918 hujusmodi
961 841 1029 914 pro
1038 819 1241 915 quindecim
1251 819 1355 899 libris

325 943 711 1042 hlls:unalibrahlls:
736 938 1355 1035 defalcabitur,liceretiamunicui·

329 1049 397 1160 que
408 1063 594 1140 edificanti
611 1064 720 1140 ruodo
741 1056 943 1156 prescripto
957 1073 1076 1136 totum
1096 1054 1240 1138 censum
1255 1057 1356 1158 redie

327 1205 443 1277 mere,
458 1201 499 1257 ut
515 1186 627 1261 ceteri
639 1183 780 1259 facilius
794 1181 841 1254 ad
856 1179 1094 1256 edificandum
1111 1181 1238 1258 domos
1253 1182 1355 1258 clau·

325 1305 449 1380 strales
473 1307 702 1400 alliciantur,
731 1303 851 1401 siquis
874 1297 1003 1380 autem'
1015 1301 1148 1379 limites
1166 1303 1355 1378 curiarum

330 1419 403 1499 five
413 1421 511 1498 teila
520 1419 720 1500 earundem
728 1416 904 1495 resarcire
912 1416 1186 1497 autreiomiere
1194 1415 1356 1492 voluerit

329 1539 390 1620 bic·
410 1540 505 1616 nibil
528 1540 698 1636 expedet
720 1536 785 1613 fibi
812 1537 980 1630 decensu
995 1533 1167 1613 euriesue
1181 1553 1251 1632 pro
1267 1549 1359 1610 tem·

327 1681 418 1760 pore
435 1656 520 1750 fore
536 1657 818 1752 remittendum,
843 1676 927 1742 cum
951 1657 998 1732 ad
1018 1676 1062 1734 ea
1082 1651 1202 1755 quiuis
1214 1655 1268 1730 'de
1291 1650 1358 1738 sue

325 1757 661 1886 freerebblige'tur.
806 1775 811 1782 ’
929 1771 934 1778 ’

626 1923 707 2024 ¹De
748 1921 1049 2040 injuriatoribus.

330 2064 470 2240 Licet
489 2066 577 2141 oiim
589 2083 667 2159 pes
692 2066 874 2161 quondam
899 2060 1015 2137 felicis
1031 2057 1210 2136 memorie
1229 2056 1359 2156 johan·

416 2201 502 2258 uem
522 2178 738 2276 Episcopum
753 2173 1059 2257 wormatiensem
1080 2173 1267 2252 ordinaria
1289 2196 1356 2250 ene

330 2292 502 2382 duritate
515 2295 766 2389 abundanter,
788 2318 834 2378 ne
862 2293 992 2391 aliquis
1016 2289 1218 2378 inecclefia
1236 2287 1359 2364 nostre
1386 2291 1389 2297 '

334 2408 632 2507 conspirationes,
649 2413 930 2509 conjurationes,
956 2408 1267 2488 confederationes
1282 2404 1360 2482 stne

330 2526 439 2627 ligans
452 2543 582 2602 contra
594 2528 705 2603 aliam
717 2524 907 2625 personam
922 2522 985 2602 seu
1001 2522 1171 2622 personas
1190 2526 1286 2602 uiue
1297 2548 1356 2602 ec»

330 2649 433 2730 clefie
457 2645 524 2725 sub
547 2646 840 2726 formidabilibus
861 2651 962 2746 penis
977 2648 1100 2729 facere
1125 2653 1356 2732 intentareve

330 2767 530 2866 presumat,
552 2766 742 2864 provisum
771 2773 1065 2868 extiteritprout
1087 2773 1125 2849 in
1147 2774 1356 2870 patentibus

328 2889 443 2964 literis
463 2885 618 2984 desuper
633 2886 805 2968 confectis
820 2892 927 2967 latius
943 2891 1172 2989 continetur,
1193 2910 1357 2990 attamen

331 3023 411 3077 cum
446 2997 531 3097 sepe
558 2999 655 3077 iuter
681 2999 871 3082 Decandm·
888 3003 1096 3080 -Canonieos
1130 3006 1166 3081 dr
1197 3007 1355 3083 vicarios
1480 3063 1483 3072 .

331 3113 616 3214 aliasquediue.
628 3111 774 3195 ecclesie
797 3119 967 3217 personas
988 3143 1033 3197 ex
1050 3123 1125 3200 levi
1145 3123 1249 3203 causa
1268 3147 1356 3203 con·

332 3235 422 3312 ritis¹
442 3231 611 3310 oriamur
634 3250 744 3330 atque
763 3236 1073 3335 injuriosa-verba
1105 3241 1358 3341 proferantur,

334 3362 531 3448 mque
561 3343 801 3430 burdonus:
821 3351 1006 3452 dignitatis
1038 3358 1283 3436 reuerentiam
1321 3356 1358 3436 ἀ

333 3462 513 3542 honorem·
524 3463 969 3562 aliqnandoadrerbera
985 3472 1092 3551 etiam
1112 3477 1305 3555 devenitur
1320 3481 1361 3562 in

335 3578 536 3660 duembrle
557 3584 771 3680 exemplam
805 3587 1073 3686 plurimorum,
1118 3615 1183 3670 nos
1204 3595 1359 3686 :litteras

335 3692 421 3790 ipsas
436 3690 604 3793 joliannis
623 3693 792 3797 Episcopi
806 3701 1080 3782 wormatiensis
1099 3708 1298 3785 antediiias
1316 3712 1356 3788 in

333 3799 396 3884 suis
420 3805 559 3882 robore
581 3803 1024 3908 &vigorepermanfiss'e
1050 3820 1356 3920 recognoscentes

334 3923 602 4036 &permanere
614 3927 776 4008 volentes
794 3937 914 4029 quood
928 3934 1145 4032 injuriarum
1159 3956 1357 4039 attempta·

330 4055 449 4136 menta
465 4038 706 4135 providentes
725 4064 771 4122 ue
792 4043 946 4142 feciliter
971 4054 1082 4126 ¹venie
1106 4056 1273 4152 cuiqnam
1293 4058 1357 4144 de:

330 4153 506 4254 linquenti
524 4145 794 4236 incitamentum
813 4161 969 4262 prestet,
991 4161 1052 4241 seu
1074 4166 1187 4244 etiam
1201 4170 1358 4248 occbsws

328 4289 423 4380 uem,
449 4264 681 4370 volumus&
699 4270 924 4371 ordinamus,
949 4291 990 4351 ut
1006 4274 1176 4354 statutum
1202 4280 1355 4374 provin·

829 4382 858 4463 F
881 4409 908 4482 4
1216 4395 1308 4474 e'iale
