3409 5117
657 547 925 611 m
1204 561 1250 632 ω

278 709 338 790 tiit
356 707 525 790 satisfieri
543 709 664 802 debet,
689 708 738 786 fic
757 723 878 788 tamrn
898 707 926 787 fi
949 706 1140 790 demultus
1159 708 1307 790 ecelefie

275 841 399 913 nostre
416 837 502 908 dum
527 834 672 908 viveret
702 833 884 934 obligatus
903 830 1016 909 fuerit
1035 832 1070 909 a
1089 829 1303 910 remanserit

277 955 529 1052 postmortem
546 955 711 1034 omnibus
731 957 860 1029 ceteris
874 950 1118 1028 creditoribus
1138 948 1302 1050 prefera-

280 1093 361 1175 tur,
393 1077 430 1154 dr
452 1099 522 1174 pro
541 1074 749 1175 hujusmodi
775 1075 893 1174 gratie
913 1061 1156 1152 introdndlam
1177 1072 1302 1153 hatte·
1435 1145 1440 1160 ‚

280 1193 417 1290 nusque
441 1189 670 1266 observatam
696 1185 991 1267 consuetudinem
1015 1186 1211 1266 observare
1234 1210 1301 1266 vo-

281 1317 438 1393 lentibus
452 1314 628 1390 officiatus
645 1314 917 1413 prebendarum
940 1314 1046 1393 dabit·
1058 1314 1113 1390 illi
1130 1315 1176 1390 td
1191 1336 1301 1412 quem

281 1429 491 1531 hujusmodi
507 1452 632 1508 ,annus
664 1430 783 1531 gratie
812 1428 990 1526 speelabit
1016 1452 1086 1528 pro
1117 1427 1300 1510 frudiibus

258 1623 262 1634 ,
280 1547 439 1646 ejusdem
458 1546 610 1626 sedecim
628 1552 768 1626 maldra
784 1550 933 1652 siliginis
956 1550 989 1625 dt
1015 1553 1174 1653 quinque
1190 1554 1303 1634 librat

281 1670 390 1749 ltllns.
410 1669 495 1748 drin
511 1671 580 1749 illis
598 1671 717 1768 quivis
733 1672 936 1750 contentari
951 1690 1106 1753 tenetur.

284 1875 432 1970 Carens
447 1877 561 1969 Anno
578 1875 713 1972 Grutie
726 1900 816 1974 runc
826 1881 985 2012 stulius
1005 1851 1167 1976 domun
1179 1827 1299 1978 onno-

228 2123 235 2146 .
352 2043 433 2102 nrm
460 2023 519 2126 qui
533 2028 748 2124 appellantur
768 2026 865 2102 Ami
885 2026 1092 2126 expoliaverit
1111 2030 1233 2106 cedunt

627 2152 729 2252 moffe
758 2155 962 2254 rapinum.

228 2343 233 2358 “
338 2347 481 2410 retenta
510 2333 679 2409 volumus
708 2345 818 2430 atque
842 2332 1050 2412 ordinamus
1072 2329 1100 2412 st
1125 2335 1301 2419 decedens

365 2451 567 2527 eanonicus
592 2450 705 2527 fuerit
720 2448 903 2548 suspensus
928 2453 985 2526 vel
1010 2455 1301 2534 excommunica·

279 2581 337 2646 tus
350 2573 409 2645 vel
425 2570 513 2645 alias
530 2587 575 2643 ex
589 2565 777 2664 quibusvis
795 2570 871 2666 alijs
888 2569 998 2658 causis
1014 2571 1222 2669 hujusmodi
1233 2569 1298 2653 an·¹
1404 2601 1408 2606 ·

281 2711 328 2770 no
359 2693 476 2796 gratie
507 2711 631 2767 carere
656 2690 806 2767 habebit
829 2693 889 2769 seu
919 2694 1125 2793 oportuerit
1146 2717 1191 2774 er
1213 2714 1300 2779 tunc

255 2885 257 2890 .
281 2810 464 2888 biennium
483 2815 579 2908 quod
596 2812 644 2885 ell
661 2805 929 2912 expedientium
957 2833 1131 2891 annorum
1155 2831 1299 2913 tempus

282 2959 321 3012 ac
335 2929 477 3011 fruitus
491 2954 558 3028 per
571 2935 662 3010 illud
679 2953 819 3030 tenipus
835 2932 1019 3042 prebende
1038 2934 1180 3028 vacanti
1197 2937 1299 3040 debi·
1363 3014 1366 3023 ,

281 3051 307 3127 ti
321 3058 455 3129 cedunt
470 3054 515 3128 ad
531 3052 675 3131 massam
695 3053 941 3148 Capitularem
960 3053 1118 3152 illucque
1136 3050 1299 3150 persolu-¹

232 3191 237 3212 ·
282 3165 309 3238 ti
343 3170 380 3243 in
409 3170 602 3244 utilitatem
630 3163 773 3244 ecclefie
807 3165 1028 3266 &Capituli
1061 3170 1299 3248 convertendi

233 3263 240 3400 1
281 3309 402 3386 erunt,
429 3289 525 3386 quisi
542 3291 683 3390 quidem
695 3293 766 3363 duo
780 3290 864 3365 anni
875 3310 1025 3366 currere
1039 3288 1172 3368 debent
1187 3308 1298 3391 atque
1348 3389 1352 3394 ,

234 3415 242 3536 p
279 3405 438 3507 incinere
452 3411 565 3487 altera
584 3410 640 3481 die
660 3408 737 3504 poll
755 3405 972 3481 tricesimum
991 3403 1150 3483 defuncti
1180 3409 1299 3491 defin.

234 3539 243 3622 Q
283 3532 377 3628 gulis
394 3529 495 3604 aunis
510 3549 579 3630 pro
596 3522 775 3601 frndlibus
790 3523 895 3598 unius
913 3521 1096 3618 prebende
1110 3519 1299 3601 officiatus

272 3648 546 3741 prebendarum
564 3627 767 3719 adnullant
787 3641 945 3737 Capituli
969 3635 1177 3737 persolvere
1199 3655 1298 3718 teue-

279 3755 339 3841 t⁸ur
354 3762 509 3842 sedecim
527 3765 666 3840 maldra
680 3759 828 3858 siliginis
845 3760 1053 3856 &quinque
1067 3758 1177 3833 libras
1191 3754 1296 3830 hails.

278 3880 380 3980 iaxta
402 3904 541 3959 morem
564 3883 738 3959 haunnus
761 3878 1031 3974 introdudlum,
1058 3878 1094 3952 in
1118 3895 1190 3973 quo
1210 3895 1297 3952 con·

279 4021 398 4088 tentus
412 3997 484 4082 'else
499 4008 621 4094 debet,
637 4022 754 4097 neque
771 3987 815 4075 de
831 3999 910 4097 alijs
929 3995 1179 4074 emolumentis
1197 3989 1317 4093 quic·'

248 4137 257 4183 -·
280 4148 388 4220 quam
414 4122 563 4222 exigere
587 4115 789 4215 presumat,
821 4113 893 4190 hoc
913 4113 1009 4190 idem
1035 4105 1297 4189 observetursl

233 4209 241 4320 1
282 4263 392 4325 annus
420 4241 547 4351 gratie,
564 4239 746 4340 Canopico
770 4233 942 4318 debello
965 4232 1120 4318 debetur
1123 4232 1178 4430 sin
1200 4246 1295 4311 anno

232 4363 238 4456 l
616 4443 621 4451 .
1141 4370 1248 4431 ecun-
