3409 5117
690 513 971 572 wm=
1245 523 1296 601 79

315 661 440 768 nostre
455 676 519 752 oia
534 670 809 774 permutationis
827 667 889 746 seu
906 667 1075 767 simplicit
1092 667 1342 770 relignationic

316 798 362 873 ab
379 795 530 873 ecclefia
544 794 663 869 nolira
682 789 854 863 recedere
871 783 1042 877 voluerit,
1070 804 1112 863 ut
1134 791 1179 865 de
1198 790 1343 869 licentia

317 915 512 1011 capitulari
528 909 641 1008 pet-ita
657 906 690 979 dt
705 904 853 977 obtenta
868 925 911 979 ac
924 902 1095 980 consensu
1110 907 1267 1002 eiusdem
1283 929 1342 985 cn.

317 1025 424 1124 pituli
452 1047 520 1120 per
540 1019 686 1099 nortem
710 1014 836 1090 indieli
856 1014 927 1091 hoc
944 1012 1072 1102 faciat,
1105 1036 1173 1091 nec
1198 1017 1278 1093 talis
1299 1016 1343 1092 li·

320 1136 437 1213 centia
461 1133 571 1212 alicui
597 1128 818 1206 concedatur
851 1124 917 1201 nist
947 1125 1090 1202 ecclesie
1120 1126 1155 1201 ἀ
1180 1125 1341 1225 personis

321 1252 479 1352 ejusdem
493 1249 696 1350 respedlive
714 1249 757 1322 de
772 1245 941 1349 obligatis
956 1244 1087 1322 debitis
1104 1265 1173 1344 per
1185 1251 1340 1327 eundem

320 1388 424 1447 antea
446 1371 493 1446 ad
511 1372 659 1467 plenum
678 1360 871 1440 satisfaciat
892 1359 953 1438 seu
981 1361 1169 1441 sufficienti
1191 1365 1345 1466 desuper

322 1484 540 1584 fidejoffona
564 1478 729 1559 cautione
753 1478 900 1576 prestita
926 1476 963 1555 se
987 1498 1072 1562 cunr
1100 1483 1250 1560 ecclesia
1279 1480 1343 1561 seu

324 1603 565 1679 creditoribus
581 1598 778 1676 concordet
795 1610 861 1672 aut
875 1593 1119 1675 amicabiliter
1135 1617 1341 1708 componat.

326 1790 557 1905 Inabfttntio
573 1790 635 1881 vel
650 1780 753 1906 apud
777 1739 1067 1902 ecclefiornmlm,
1080 1786 1344 1905 refidensnul.

366 1930 418 2005 los
433 1923 575 2025 funditas
592 1922 810 2016 Decernatur,
832 1917 1000 2017 prebende
1011 1905 1073 1997 ‘ael
1088 1922 1216 2002 uitam
1229 1926 1297 2023 sert

638 2038 808 2139 percipere
833 2031 1019 2146 presumat

328 2203 330 2206 ’
393 2224 456 2278 um
472 2198 689 2279 beneficium
704 2203 810 2275 detur
824 2196 1157 2299 propter-,officinm
1179 2201 1215 2282 dr
1234 2207 1341 2308 quill.

421 2320 484 2395 bet
501 2315 676 2411 recipiens
692 2312 906 2390 beneficium
920 2313 1027 2390 tacite
1050 2313 1084 2391 se
1104 2315 1242 2421 obligat
1255 2325 1341 2402 rest.

327 2432 408 2505 dere
423 2430 521 2523 apud
538 2423 718 2502 ecclefiant
734 2423 852 2521 inqua
870 2421 943 2519 ipse
961 2424 1078 2499 existit
1091 2444 1133 2501 ac
1147 2426 1226 2503 Deo
1237 2430 1341 2530 juxta

326 2541 578 2619 institutionem
597 2536 753 2636 ejusdem
781 2533 993 2634 obsequium
1020 2539 1180 2619 debitum
1205 2546 1343 2642 perfui

328 2678 427 2750 vere,
453 2654 559 2730 multi
575 2668 696 2726 tamen
713 2649 932 2724 occasionem
949 2647 1066 2727 minus
1088 2655 1341 2739 rationabilem
1409 2723 1416 2737 ,

328 2790 484 2874 petentes
501 2770 590 2846 seab
607 2768 757 2863 ecclefijs
774 2767 810 2841 in
827 2766 957 2862 quibus
976 2763 1149 2846 beneficia
1161 2774 1338 2878 obtinent,

329 2889 511 2967 absentare
522 2886 661 2959 student
677 2882 713 2956 in
731 2882 985 2956 detrimentum
1006 2882 1119 2957 divini
1137 2889 1252 2963 cultus
1267 2913 1340 2988 quo

327 3012 365 3088 dt
379 3025 420 3084 ut
442 3002 629 3101 populatis
649 2999 796 3073 deuotio
813 2995 1007 3093 decrescit,
1040 3002 1120 3077 laici
1138 3005 1183 3079 ab
1203 3006 1341 3083 instita·

316 3121 483 3199 'tionibus
498 3116 756 3194 beneficiorum
769 3114 1023 3209 retrahantur,
1054 3115 1088 3191 dt
1115 3118 1345 3208 sacerdotalis

327 3238 532 3318 reverentia
556 3231 783 3336 languescat,
808 3235 845 3309 in
865 3234 969 3309 malis
995 3238 1202 3333 exemplum
1225 3243 1341 3335 pluri·
1478 3295 1483 3312 .

325 3380 468 3437 urorum
487 3379 530 3432 ac
552 3373 678 3430 contra
703 3358 926 3428 voluntatem
949 3355 1116 3447 prioreve
1144 3359 1263 3436 nostre
1282 3383 1343 3440 ec·

327 3475 427 3552 tleste
443 3471 635 3549 erectionis
650 3472 685 3545 dc
700 3489 884 3565 tenorem,
917 3492 1028 3567 quate
1042 3493 1087 3547 ne
1106 3473 1249 3552 divinus
1266 3474 1342 3553 cul·

326 3614 379 3672 tus
398 3597 436 3670 in
458 3591 604 3670 ecclesie
625 3594 744 3667 nostra
761 3594 970 3668 retardetur
983 3610 1046 3667 aut
1060 3612 1127 3690 per
1144 3613 1342 3693 quemcun-

325 3732 392 3810 que
408 3709 560 3784 modum
576 3707 782 3809 negligatur
797 3706 982 3782 {latuimus
998 3708 1166 3784 volumus
1187 3708 1221 3782 dr
1241 3706 1339 3785 ordi·

323 3841 451 3898 namus
467 3837 509 3896 ut
523 3820 615 3895 nulli
633 3821 799 3917 deinceps
818 3818 1088 3919 inperpetuum
1112 3820 1260 3902 Decano
1273 3824 1341 3899 Ca·

321 3941 454 4019 tronico
472 3938 610 4015 vicario
626 3934 686 4013 seu
700 3938 873 4014 Altarilie
887 3940 925 4013 in
943 3939 1088 4017 ecclefia
1107 3942 1225 4019 nolito
1249 3965 1340 4041 quo·

317 4045 592 4152 modorumque
606 4053 810 4151 qualificato
829 4052 970 4131 fruetus
992 4057 1175 4152 prebende
1193 4058 1254 4137 seu
1277 4062 1339 4137 be·

316 4169 441 4269 refici]
471 4164 599 4252 suiiu
620 4163 781 4256 absonia
807 4166 897 4256 alibi
920 4190 969 4262 ex
985 4170 1343 4273 ¹quacunquejcau'la

1186 4284 1295 4368 etiam
