3409 5117
386 591 433 672 84
706 573 972 634 m

307 731 309 738 '
335 736 418 812 dine
434 732 637 833 quindecim
658 733 816 812 florenos
827 730 908 811 -live
930 745 1060 810 aureos
1076 751 1148 810 una
1163 743 1249 813 eum
1262 755 1340 813 een·

335 848 430 926 sibus
452 847 554 924 fundi
569 846 666 923 dare.

400 1053 468 1143 De
494 1052 689 1139 vinearum
713 1043 858 1159 eoeleste
882 1039 1008 1164 nostre
1032 1047 1285 1140 ordinatione.

336 1243 572 1424 Quoniam
589 1238 806 1336 quidemnos
817 1239 982 1314 Decauus
998 1236 1252 1335 &Capitulum
1265 1259 1344 1338 prc-

453 1358 540 1434 dieti
564 1360 687 1432 vineas
718 1357 963 1452 quascumque
992 1352 1260 1449 prebendarum
1283 1375 1343 1432 no-

333 1473 488 1556 stramm
507 1477 663 1555 maxime
686 1475 859 1554 desolatas
883 1477 992 1554 instar
1013 1480 1210 1556 domorum·
1232 1481 1267 1556 o
1288 1479 1345 1554 cuss

336 1604 474 1680 riarum
486 1599 680 1676 earundem
691 1617 763 1671 non
780 1595 853 1672 stne
869 1598 1147 1696 magnajadlura
1162 1601 1196 1676 dr
1214 1623 1345 1696 expeu-

222 1752 225 1759 ·
335 1720 381 1799 fis
398 1719 504 1794 etiam
526 1713 739 1816 gracillimis
761 1716 1041 1791 restauravimus
1063 1717 1097 1792 d
1122 1719 1169 1794 ad
1190 1719 1345 1800 debitam

336 1829 552 1915 sirtilluram
566 1843 610 1905 ac
625 1830 786 1905 ordinem
805 1830 1010 1928 redegimus
1033 1830 1067 1903 d
1087 1829 1150 1907 nist
1166 1845 1343 1930 oportuno

336 1952 576 2053 provideatur
595 1947 757 2022 remedio
779 1950 822 2022 de
837 1947 934 2024 facili
951 1971 1008 2024 eas
1025 1952 1155 2028 iterato
1172 1955 1345 2032 deuaslati

336 2070 396 2145 vel
408 2067 542 2144 'saltem
560 2065 596 2142 in
614 2086 737 2140 earum
753 2067 896 2142 cultura
918 2069 1139 2144 damnificari
1163 2075 1344 2173 continge·

336 2203 395 2263 ret
411 2185 566 2260 maxime
585 2203 687 2258 exeo
710 2183 807 2279 quod
823 2185 1016 2266 decedente
1038 2171 1227 2284 aliqno'ex
1245 2213 1345 2268 mun.

337 2310 424 2389 nicis
440 2308 475 2382 in
492 2304 566 2404 ejus
590 2306 707 2381 locum
725 2328 841 2382 novus
860 2304 1050 2403 suscipitur
1075 2310 1109 2386 dc
1129 2312 1226 2388 idem
1249 2331 1344 2392 arate-

337 2453 445 2529 quam
469 2427 682 2503 admittetur
699 2432 745 2500 ad
768 2430 1036 2524 perceptionem
1057 2432 1245 2514 fruciuum
1269 2437 1344 2530 suo·

337 2577 421 2634 rum
432 2551 668 2626 canonicatus
684 2550 718 2624 dc
733 2554 917 2647 prebende
929 2555 974 2627 ad
989 2556 1127 2650 aliquot
1138 2579 1251 2636 annos
1265 2585 1343 2659 pre·

337 2665 459 2744 sertim
478 2670 567 2741 duos
594 2666 725 2743 eisdem
745 2668 925 2748 frudlibus
945 2687 1114 2767 pretextu
1134 2671 1344 2756 statutorum

339 2783 483 2870 ecclesie
500 2785 617 2860 nostre
637 2808 762 2862 carere
780 2790 945 2887 cogitur,
970 2788 1002 2864 dc
1027 2787 1193 2884 plerique
1213 2790 1343 2870 intereo

338 2923 469 3006 parum
484 2915 547 2972 aut
563 2901 651 2975 nihil
668 2902 809 2977 culture
824 2902 1012 2978 vinearum
1028 2904 1227 2979 attenditur
1246 2904 1282 2980 ἀ
1300 2907 1342 2984 sio

339 3018 644 3116 detrimentum&
664 3020 924 3120 deperitionem
940 3020 1108 3118 capiunt,
1131 3023 1178 3096 ad
1197 3023 1342 3099 obvian-

338 3151 426 3223 dum
447 3143 558 3239 igitur
579 3140 647 3213 illis
677 3141 900 3217 statuendum
924 3143 1092 3218 duximus
1113 3161 1224 3241 atque
1249 3146 1341 3222 ordi·
1385 3227 1387 3236 ,

337 3277 463 3340 namus
492 3253 587 3347 quod
610 3272 731 3328 ourtres
754 3254 786 3327 dt
806 3252 943 3354 fingule
967 3254 1074 3331 vinee
1098 3278 1340 3350 quorumcun-

338 3392 408 3467 que
433 3367 696 3442 Cauonicorum
723 3368 927 3445 nostrorum
953 3370 1051 3467 apud
1077 3370 1261 3476 ecclefiam
1282 3399 1341 3452 no·

335 3486 444 3562 stram
459 3477 680 3576 personalem
706 3481 932 3560 reddentium
954 3507 1026 3559 nou
1044 3484 1256 3582 habentium
1281 3511 1340 3584 pet

336 3621 401 3678 nos
418 3613 480 3671 aut
499 3596 657 3673 nostrum
680 3597 725 3670 ad
743 3598 812 3672 hoc
830 3600 1041 3692 deputatum
1058 3599 1289 3678 cellerarium
1308 3607 1341 3680 in

336 3709 546 3794 concedenti
563 3706 597 3781 tit
613 3706 804 3785 necessaria
822 3709 1000 3786 nruoura
1018 3711 1156 3806 pariter
1177 3713 1211 3788 u
1231 3707 1342 3792 cultu.

336 3852 379 3908 ra
394 3826 521 3914 nostris
540 3826 696 3920 propriis
713 3823 874 3919 expensis
890 3822 1096 3902 conservari
1114 3825 1285 3924 debeant,
1305 3825 1342 3906 ea
1384 3839 1387 3888 1

335 3957 488 4046 propter
500 3961 564 4012 nus
580 3940 686 4015 etiam
700 3939 840 4016 studius
859 3940 894 4016 dc
910 3944 993 4018 vina
1016 3942 1060 4020 de
1083 3936 1216 4054 eisdem
1232 3945 1342 4024 vineis

304 4089 307 4093 ⁴
335 4056 532 4134 absentium
551 4058 812 4134 eanonicornn
831 4060 994 4154 recipere
1010 4058 1182 4134 debemus
1203 4059 1243 4140 ,d
1256 4063 1345 4141 reci·
1385 4131 1387 4166 ÷

333 4175 456 4273 piendi
473 4196 513 4251 ac
528 4170 998 4256 sublevandionmimodam
1016 4173 1229 4273 potestatem
1246 4178 1345 4268 nobis
1385 4169 1387 4176 ’

1184 4291 1309 4378 resera
