<?xml version="1.0" encoding="UTF-8"?>
<!DOCTYPE html PUBLIC "-//W3C//DTD XHTML 1.0 Transitional//EN"
    "http://www.w3.org/TR/xhtml1/DTD/xhtml1-transitional.dtd">
<html xmlns="http://www.w3.org/1999/xhtml" xml:lang="en" lang="en">
 <head>
  <title>
</title>
<meta http-equiv="Content-Type" content="text/html;charset=utf-8" />
  <meta name='ocr-system' content='tesseract 3.04.00' />
  <meta name='ocr-capabilities' content='ocr_page ocr_carea ocr_par ocr_line ocrx_word'/>
</head>
<body>
  <div class='ocr_page' id='page_1' title='image "./subsidiadiploma00wrgoog_0287.png"; bbox 0 0 3409 5117; ppageno 0'>
   <div class='ocr_carea' id='block_1_1' title="bbox 723 565 1316 660">
    <p class='ocr_par' dir='ltr' id='par_1_1' title="bbox 723 565 1316 660">
     <span class='ocr_line' id='line_1_1' title="bbox 723 565 1316 660; baseline -0.008 0"><span class='ocrx_word' id='word_1_1' title='bbox 723 565 992 660; x_wconf 58' lang='lat' dir='ltr'>W</span> <span class='ocrx_word' id='word_1_2' title='bbox 1244 581 1316 655; x_wconf 73' lang='lat'>245</span> 
     </span>
    </p>
   </div>
   <div class='ocr_carea' id='block_1_2' title="bbox 337 716 1366 940">
    <p class='ocr_par' dir='ltr' id='par_1_2' title="bbox 337 716 1366 940">
     <span class='ocr_line' id='line_1_2' title="bbox 339 716 1366 824; baseline 0 -21"><span class='ocrx_word' id='word_1_3' title='bbox 339 716 442 806; x_wconf 85' lang='lat' dir='ltr'>nitra</span> <span class='ocrx_word' id='word_1_4' title='bbox 457 725 840 824; x_wconf 80' lang='lat' dir='ltr'>statutaprovincialia</span> <span class='ocrx_word' id='word_1_5' title='bbox 866 723 1020 823; x_wconf 80' lang='lat' dir='ltr'>desuper</span> <span class='ocrx_word' id='word_1_6' title='bbox 1036 724 1145 799; x_wconf 90' lang='lat' dir='ltr'>etiam</span> <span class='ocrx_word' id='word_1_7' title='bbox 1169 720 1366 803; x_wconf 70' lang='lat' dir='ltr'>salubriter</span> 
     </span>
     <span class='ocr_line' id='line_1_3' title="bbox 337 832 1362 940; baseline -0.004 -23"><span class='ocrx_word' id='word_1_8' title='bbox 337 843 579 938; x_wconf 82' lang='lat' dir='ltr'>providentes</span> <span class='ocrx_word' id='word_1_9' title='bbox 604 840 709 914; x_wconf 85' lang='lat' dir='ltr'>vobis</span> <span class='ocrx_word' id='word_1_10' title='bbox 731 841 813 934; x_wconf 90' lang='lat' dir='ltr'>plus</span> <span class='ocrx_word' id='word_1_11' title='bbox 829 835 938 913; x_wconf 84' lang='lat' dir='ltr'>semel</span> <span class='ocrx_word' id='word_1_12' title='bbox 966 858 1051 934; x_wconf 81' lang='lat' dir='ltr'>ymo</span> <span class='ocrx_word' id='word_1_13' title='bbox 1073 835 1221 937; x_wconf 79' lang='lat' dir='ltr'>fingulis</span> <span class='ocrx_word' id='word_1_14' title='bbox 1242 832 1362 940; x_wconf 70' lang='lat' dir='ltr'>saero7</span> 
     </span>
    </p>
   </div>
   <div class='ocr_carea' id='block_1_3' title="bbox 312 953 1464 4311">
    <p class='ocr_par' dir='ltr' id='par_1_3' title="bbox 336 953 1363 1169">
     <span class='ocr_line' id='line_1_4' title="bbox 336 953 1363 1057; baseline -0.009 -22"><span class='ocrx_word' id='word_1_15' title='bbox 336 955 470 1035; x_wconf 74' lang='lat' dir='ltr'>sanssis</span> <span class='ocrx_word' id='word_1_16' title='bbox 482 956 633 1057; x_wconf 85' lang='lat' dir='ltr'>Synodis</span> <span class='ocrx_word' id='word_1_17' title='bbox 652 957 843 1035; x_wconf 83' lang='lat' dir='ltr'>celebratis</span> <span class='ocrx_word' id='word_1_18' title='bbox 858 957 1034 1034; x_wconf 85' lang='lat' dir='ltr'>infinneta</span> <span class='ocrx_word' id='word_1_19' title='bbox 1050 980 1091 1031; x_wconf 88' lang='lat' dir='ltr'>ea</span> <span class='ocrx_word' id='word_1_20' title='bbox 1108 969 1262 1053; x_wconf 87' lang='lat' dir='ltr'>propter</span> <span class='ocrx_word' id='word_1_21' title='bbox 1271 953 1363 1031; x_wconf 81' lang='lat' dir='ltr'>emi-.-</span> 
     </span>
     <span class='ocr_line' id='line_1_5' title="bbox 337 1066 1361 1169; baseline -0.005 -23"><span class='ocrx_word' id='word_1_22' title='bbox 337 1066 449 1146; x_wconf 80' lang='lat' dir='ltr'>sumus</span> <span class='ocrx_word' id='word_1_23' title='bbox 463 1068 659 1165; x_wconf 78' lang='lat' dir='ltr'>publicari,</span> <span class='ocrx_word' id='word_1_24' title='bbox 677 1068 764 1162; x_wconf 86' lang='lat' dir='ltr'>quid</span> <span class='ocrx_word' id='word_1_25' title='bbox 781 1068 948 1165; x_wconf 83' lang='lat' dir='ltr'>cuiquam</span> <span class='ocrx_word' id='word_1_26' title='bbox 959 1069 1140 1169; x_wconf 82' lang='lat' dir='ltr'>agendum</span> <span class='ocrx_word' id='word_1_27' title='bbox 1155 1067 1361 1141; x_wconf 87' lang='lat' dir='ltr'>vitandum·</span> 
     </span>
    </p>

    <p class='ocr_par' dir='ltr' id='par_1_4' title="bbox 337 1181 1363 1630">
     <span class='ocr_line' id='line_1_6' title="bbox 338 1181 1361 1283; baseline -0.004 -23"><span class='ocrx_word' id='word_1_28' title='bbox 338 1207 412 1283; x_wconf 84' lang='lat' dir='ltr'>que</span> <span class='ocrx_word' id='word_1_29' title='bbox 424 1183 522 1261; x_wconf 90' lang='lat' dir='ltr'>soret</span> <span class='ocrx_word' id='word_1_30' title='bbox 544 1184 664 1260; x_wconf 89' lang='lat' dir='ltr'>lucide</span> <span class='ocrx_word' id='word_1_31' title='bbox 680 1183 903 1261; x_wconf 81' lang='lat' dir='ltr'>continentes</span> <span class='ocrx_word' id='word_1_32' title='bbox 924 1183 958 1259; x_wconf 82' lang='lat' dir='ltr'>tiz</span> <span class='ocrx_word' id='word_1_33' title='bbox 983 1184 1208 1262; x_wconf 81' lang='lat' dir='ltr'>continencia</span> <span class='ocrx_word' id='word_1_34' title='bbox 1225 1181 1361 1279; x_wconf 81' lang='lat' dir='ltr'>quibus</span> 
     </span>
     <span class='ocr_line' id='line_1_7' title="bbox 337 1293 1363 1396; baseline -0.006 -23"><span class='ocrx_word' id='word_1_35' title='bbox 337 1299 455 1374; x_wconf 80' lang='lat' dir='ltr'>eciam</span> <span class='ocrx_word' id='word_1_36' title='bbox 471 1320 543 1372; x_wconf 75' lang='lat' dir='ltr'>riori</span> <span class='ocrx_word' id='word_1_37' title='bbox 558 1320 692 1396; x_wconf 88' lang='lat' dir='ltr'>paucos</span> <span class='ocrx_word' id='word_1_38' title='bbox 716 1296 901 1393; x_wconf 88' lang='lat' dir='ltr'>speramus</span> <span class='ocrx_word' id='word_1_39' title='bbox 919 1312 1082 1376; x_wconf 78' lang='lat' dir='ltr'>errantes</span> <span class='ocrx_word' id='word_1_40' title='bbox 1103 1298 1150 1373; x_wconf 85' lang='lat' dir='ltr'>ad</span> <span class='ocrx_word' id='word_1_41' title='bbox 1174 1293 1363 1374; x_wconf 82' lang='lat' dir='ltr'>certitudi-</span> 
     </span>
     <span class='ocr_line' id='line_1_8' title="bbox 338 1407 1362 1517; baseline -0.005 -26"><span class='ocrx_word' id='word_1_42' title='bbox 338 1413 444 1491; x_wconf 69' lang='lat' dir='ltr'>nis&amp;</span> <span class='ocrx_word' id='word_1_43' title='bbox 462 1415 555 1492; x_wconf 91' lang='lat' dir='ltr'>bene</span> <span class='ocrx_word' id='word_1_44' title='bbox 577 1414 727 1490; x_wconf 84' lang='lat' dir='ltr'>vivendi</span> <span class='ocrx_word' id='word_1_45' title='bbox 751 1411 914 1491; x_wconf 82' lang='lat' dir='ltr'>semitam</span> <span class='ocrx_word' id='word_1_46' title='bbox 940 1415 1011 1492; x_wconf 89' lang='lat' dir='ltr'>Dei</span> <span class='ocrx_word' id='word_1_47' title='bbox 1029 1415 1148 1517; x_wconf 79' lang='lat' dir='ltr'>gratia</span> <span class='ocrx_word' id='word_1_48' title='bbox 1167 1407 1362 1507; x_wconf 76' lang='lat' dir='ltr'>reduxisse,</span> 
     </span>
     <span class='ocr_line' id='line_1_9' title="bbox 337 1522 1360 1630; baseline -0.006 -24"><span class='ocrx_word' id='word_1_49' title='bbox 337 1530 501 1626; x_wconf 81' lang='lat' dir='ltr'>reliquos</span> <span class='ocrx_word' id='word_1_50' title='bbox 519 1530 641 1626; x_wconf 77' lang='lat' dir='ltr'>itaque</span> <span class='ocrx_word' id='word_1_51' title='bbox 662 1528 1043 1630; x_wconf 76' lang='lat' dir='ltr'>pariformiterprout</span> <span class='ocrx_word' id='word_1_52' title='bbox 1059 1552 1106 1609; x_wconf 82' lang='lat' dir='ltr'>ex</span> <span class='ocrx_word' id='word_1_53' title='bbox 1121 1522 1281 1626; x_wconf 68' lang='lat' dir='ltr'>injunste</span> <span class='ocrx_word' id='word_1_54' title='bbox 1293 1547 1360 1602; x_wconf 87' lang='lat' dir='ltr'>no·</span> 
     </span>
    </p>

    <p class='ocr_par' dir='ltr' id='par_1_5' title="bbox 335 1641 1464 2561">
     <span class='ocr_line' id='line_1_10' title="bbox 337 1641 1362 1747; baseline -0.012 -17"><span class='ocrx_word' id='word_1_55' title='bbox 337 1646 396 1730; x_wconf 88' lang='lat' dir='ltr'>bis</span> <span class='ocrx_word' id='word_1_56' title='bbox 413 1646 600 1745; x_wconf 84' lang='lat' dir='ltr'>pastoralis</span> <span class='ocrx_word' id='word_1_57' title='bbox 618 1644 803 1747; x_wconf 81' lang='lat' dir='ltr'>dignitatis</span> <span class='ocrx_word' id='word_1_58' title='bbox 820 1641 1063 1724; x_wconf 88' lang='lat' dir='ltr'>sollicitudine</span> <span class='ocrx_word' id='word_1_59' title='bbox 1075 1644 1286 1745; x_wconf 85' lang='lat' dir='ltr'>obligamur</span> <span class='ocrx_word' id='word_1_60' title='bbox 1302 1663 1362 1718; x_wconf 89' lang='lat' dir='ltr'>re·</span> 
     </span>
     <span class='ocr_line' id='line_1_11' title="bbox 337 1742 1362 1861; baseline -0.007 -21"><span class='ocrx_word' id='word_1_61' title='bbox 337 1764 472 1840; x_wconf 86' lang='lat' dir='ltr'>ducere</span> <span class='ocrx_word' id='word_1_62' title='bbox 489 1757 712 1851; x_wconf 78' lang='lat' dir='ltr'>affeoantes,</span> <span class='ocrx_word' id='word_1_63' title='bbox 735 1781 782 1836; x_wconf 91' lang='lat' dir='ltr'>ne</span> <span class='ocrx_word' id='word_1_64' title='bbox 810 1758 1110 1861; x_wconf 79' lang='lat' dir='ltr'>ipsrssorumque</span> <span class='ocrx_word' id='word_1_65' title='bbox 1130 1743 1274 1834; x_wconf 76' lang='lat' dir='ltr'>lascivse</span> <span class='ocrx_word' id='word_1_66' title='bbox 1290 1742 1362 1854; x_wconf 81' lang='lat' dir='ltr'>que</span> 
     </span>
     <span class='ocr_line' id='line_1_12' title="bbox 336 1859 1362 1981; baseline -0.012 -26"><span class='ocrx_word' id='word_1_67' title='bbox 336 1878 447 1981; x_wconf 81' lang='lat' dir='ltr'>gravi</span> <span class='ocrx_word' id='word_1_68' title='bbox 460 1879 582 1974; x_wconf 86' lang='lat' dir='ltr'>itaque</span> <span class='ocrx_word' id='word_1_69' title='bbox 598 1877 850 1954; x_wconf 79' lang='lat' dir='ltr'>emendatione</span> <span class='ocrx_word' id='word_1_70' title='bbox 862 1879 971 1979; x_wconf 85' lang='lat' dir='ltr'>digna</span> <span class='ocrx_word' id='word_1_71' title='bbox 984 1876 1082 1953; x_wconf 85' lang='lat' dir='ltr'>foret</span> <span class='ocrx_word' id='word_1_72' title='bbox 1096 1874 1230 1952; x_wconf 87' lang='lat' dir='ltr'>diutius</span> <span class='ocrx_word' id='word_1_73' title='bbox 1246 1859 1362 1968; x_wconf 83' lang='lat' dir='ltr'>delin-</span> 
     </span>
     <span class='ocr_line' id='line_1_13' title="bbox 338 1977 1463 2093; baseline -0.007 -26"><span class='ocrx_word' id='word_1_74' title='bbox 338 1990 474 2093; x_wconf 84' lang='lat' dir='ltr'>quendi</span> <span class='ocrx_word' id='word_1_75' title='bbox 490 1981 598 2067; x_wconf 87' lang='lat' dir='ltr'>detur</span> <span class='ocrx_word' id='word_1_76' title='bbox 610 1988 764 2085; x_wconf 76' lang='lat' dir='ltr'>occasio,</span> <span class='ocrx_word' id='word_1_77' title='bbox 780 1988 923 2067; x_wconf 85' lang='lat' dir='ltr'>eosdem</span> <span class='ocrx_word' id='word_1_78' title='bbox 941 1984 1123 2088; x_wconf 88' lang='lat' dir='ltr'>processus</span> <span class='ocrx_word' id='word_1_79' title='bbox 1138 2006 1294 2062; x_wconf 89' lang='lat' dir='ltr'>unacum</span> <span class='ocrx_word' id='word_1_80' title='bbox 1306 1977 1361 2059; x_wconf 77' lang='lat' dir='ltr'>se,-</span> <span class='ocrx_word' id='word_1_81' title='bbox 1459 1981 1463 2006; x_wconf 79' lang='lat'>¹</span> 
     </span>
     <span class='ocr_line' id='line_1_14' title="bbox 337 2105 1361 2211; baseline -0.011 -20"><span class='ocrx_word' id='word_1_82' title='bbox 337 2135 489 2194; x_wconf 90' lang='lat' dir='ltr'>crorum</span> <span class='ocrx_word' id='word_1_83' title='bbox 504 2130 684 2192; x_wconf 82' lang='lat' dir='ltr'>canonum</span> <span class='ocrx_word' id='word_1_84' title='bbox 699 2108 980 2210; x_wconf 78' lang='lat' dir='ltr'>sanctorumque</span> <span class='ocrx_word' id='word_1_85' title='bbox 1002 2107 1203 2211; x_wconf 82' lang='lat' dir='ltr'>patrumdz</span> <span class='ocrx_word' id='word_1_86' title='bbox 1229 2105 1361 2202; x_wconf 56' lang='lat' dir='ltr'>predeq</span> 
     </span>
     <span class='ocr_line' id='line_1_15' title="bbox 336 2215 1464 2328; baseline -0.007 -21"><span class='ocrx_word' id='word_1_87' title='bbox 336 2228 515 2307; x_wconf 75' lang='lat' dir='ltr'>cessurum</span> <span class='ocrx_word' id='word_1_88' title='bbox 536 2219 742 2306; x_wconf 86' lang='lat' dir='ltr'>nostrorum</span> <span class='ocrx_word' id='word_1_89' title='bbox 760 2227 1003 2328; x_wconf 72' lang='lat' dir='ltr'>sanctionibus</span> <span class='ocrx_word' id='word_1_90' title='bbox 1025 2243 1135 2327; x_wconf 83' lang='lat' dir='ltr'>atque</span> <span class='ocrx_word' id='word_1_91' title='bbox 1151 2219 1361 2323; x_wconf 63' lang='lat' dir='ltr'>provinciass</span> <span class='ocrx_word' id='word_1_92' title='bbox 1433 2225 1438 2234; x_wconf 83' lang='grc'>’</span> <span class='ocrx_word' id='word_1_93' title='bbox 1461 2215 1464 2220; x_wconf 68' lang='grc'>’</span> 
     </span>
     <span class='ocr_line' id='line_1_16' title="bbox 336 2339 1362 2448; baseline -0.008 -28"><span class='ocrx_word' id='word_1_94' title='bbox 336 2343 433 2420; x_wconf 87' lang='lat' dir='ltr'>libus</span> <span class='ocrx_word' id='word_1_95' title='bbox 447 2343 584 2420; x_wconf 85' lang='lat' dir='ltr'>statutis</span> <span class='ocrx_word' id='word_1_96' title='bbox 607 2339 781 2439; x_wconf 71' lang='lat' dir='ltr'>pretessis</span> <span class='ocrx_word' id='word_1_97' title='bbox 807 2340 962 2441; x_wconf 83' lang='lat' dir='ltr'>desuper</span> <span class='ocrx_word' id='word_1_98' title='bbox 982 2359 1025 2420; x_wconf 91' lang='lat' dir='ltr'>ut</span> <span class='ocrx_word' id='word_1_99' title='bbox 1048 2339 1236 2442; x_wconf 78' lang='lat' dir='ltr'>prefertur</span> <span class='ocrx_word' id='word_1_100' title='bbox 1257 2339 1362 2448; x_wconf 56' lang='lat' dir='ltr'>inaug</span> 
     </span>
     <span class='ocr_line' id='line_1_17' title="bbox 335 2450 1362 2561; baseline -0.011 -22"><span class='ocrx_word' id='word_1_101' title='bbox 335 2462 456 2539; x_wconf 88' lang='lat' dir='ltr'>lenter</span> <span class='ocrx_word' id='word_1_102' title='bbox 470 2459 762 2561; x_wconf 87' lang='lat' dir='ltr'>providentibus,</span> <span class='ocrx_word' id='word_1_103' title='bbox 787 2462 924 2539; x_wconf 91' lang='lat' dir='ltr'>dudum</span> <span class='ocrx_word' id='word_1_104' title='bbox 942 2455 1082 2542; x_wconf 82' lang='lat' dir='ltr'>&#39;crebris</span> <span class='ocrx_word' id='word_1_105' title='bbox 1098 2458 1240 2537; x_wconf 87' lang='lat' dir='ltr'>vicibus</span> <span class='ocrx_word' id='word_1_106' title='bbox 1257 2450 1278 2533; x_wconf 82' lang='lat' dir='ltr'>a</span> <span class='ocrx_word' id='word_1_107' title='bbox 1294 2453 1362 2532; x_wconf 54' lang='grc' dir='ltr'>ηοξ</span> 
     </span>
    </p>

    <p class='ocr_par' dir='ltr' id='par_1_6' title="bbox 336 2568 1454 2909">
     <span class='ocr_line' id='line_1_18' title="bbox 337 2568 1365 2669; baseline -0.005 -20"><span class='ocrx_word' id='word_1_108' title='bbox 337 2574 394 2649; x_wconf 90' lang='lat' dir='ltr'>bis</span> <span class='ocrx_word' id='word_1_109' title='bbox 419 2571 595 2669; x_wconf 88' lang='lat' dir='ltr'>repetitos</span> <span class='ocrx_word' id='word_1_110' title='bbox 623 2569 758 2649; x_wconf 88' lang='lat' dir='ltr'>iterum</span> <span class='ocrx_word' id='word_1_111' title='bbox 781 2571 817 2649; x_wconf 80' lang='lat' dir='ltr'>d</span> <span class='ocrx_word' id='word_1_112' title='bbox 838 2573 960 2650; x_wconf 88' lang='lat' dir='ltr'>denno</span> <span class='ocrx_word' id='word_1_113' title='bbox 981 2585 1149 2668; x_wconf 82' lang='lat' dir='ltr'>repetere</span> <span class='ocrx_word' id='word_1_114' title='bbox 1169 2568 1270 2646; x_wconf 85' lang='lat' dir='ltr'>baud</span> <span class='ocrx_word' id='word_1_115' title='bbox 1293 2568 1365 2644; x_wconf 88' lang='lat' dir='ltr'>du·-</span> 
     </span>
     <span class='ocr_line' id='line_1_19' title="bbox 336 2681 1454 2781; baseline -0.005 -15"><span class='ocrx_word' id='word_1_116' title='bbox 336 2689 441 2767; x_wconf 88' lang='lat' dir='ltr'>bium</span> <span class='ocrx_word' id='word_1_117' title='bbox 461 2686 641 2766; x_wconf 86' lang='lat' dir='ltr'>credimus</span> <span class='ocrx_word' id='word_1_118' title='bbox 659 2684 913 2781; x_wconf 79' lang='lat' dir='ltr'>profuturnm,</span> <span class='ocrx_word' id='word_1_119' title='bbox 937 2686 1073 2764; x_wconf 89' lang='lat' dir='ltr'>idcirco</span> <span class='ocrx_word' id='word_1_120' title='bbox 1095 2705 1220 2760; x_wconf 87' lang='lat' dir='ltr'>omnes</span> <span class='ocrx_word' id='word_1_121' title='bbox 1241 2681 1360 2760; x_wconf 76' lang='lat' dir='ltr'>dafin-</span> <span class='ocrx_word' id='word_1_122' title='bbox 1452 2724 1454 2729; x_wconf 94' lang='lat'>·</span> 
     </span>
     <span class='ocr_line' id='line_1_20' title="bbox 337 2792 1361 2909; baseline -0.003 -32"><span class='ocrx_word' id='word_1_123' title='bbox 337 2803 445 2905; x_wconf 79' lang='lat' dir='ltr'>gulos</span> <span class='ocrx_word' id='word_1_124' title='bbox 461 2792 646 2899; x_wconf 74' lang='lat' dir='ltr'>processus</span> <span class='ocrx_word' id='word_1_125' title='bbox 659 2798 853 2898; x_wconf 87' lang='lat' dir='ltr'>omniaque</span> <span class='ocrx_word' id='word_1_126' title='bbox 866 2800 901 2875; x_wconf 74' lang='grc' dir='ltr'>ἀ</span> <span class='ocrx_word' id='word_1_127' title='bbox 913 2799 1053 2909; x_wconf 82' lang='lat' dir='ltr'>singula</span> <span class='ocrx_word' id='word_1_128' title='bbox 1066 2802 1237 2878; x_wconf 76' lang='lat' dir='ltr'>mandam</span> <span class='ocrx_word' id='word_1_129' title='bbox 1251 2800 1361 2875; x_wconf 82' lang='lat' dir='ltr'>statu·</span> 
     </span>
    </p>

    <p class='ocr_par' dir='ltr' id='par_1_7' title="bbox 320 2918 1362 3489">
     <span class='ocr_line' id='line_1_21' title="bbox 337 2918 1362 3021; baseline -0.002 -20"><span class='ocrx_word' id='word_1_130' title='bbox 337 2939 376 3001; x_wconf 89' lang='lat' dir='ltr'>ta</span> <span class='ocrx_word' id='word_1_131' title='bbox 391 2920 586 3000; x_wconf 69' lang='lat' dir='ltr'>decreta&amp;</span> <span class='ocrx_word' id='word_1_132' title='bbox 601 2919 762 2998; x_wconf 82' lang='lat' dir='ltr'>instituta</span> <span class='ocrx_word' id='word_1_133' title='bbox 774 2918 991 3021; x_wconf 85' lang='lat' dir='ltr'>¹hujusmodi</span> <span class='ocrx_word' id='word_1_134' title='bbox 1016 2922 1240 3019; x_wconf 74' lang='lat' dir='ltr'>&amp;precipue</span> <span class='ocrx_word' id='word_1_135' title='bbox 1256 2921 1304 2995; x_wconf 91' lang='lat' dir='ltr'>de</span> <span class='ocrx_word' id='word_1_136' title='bbox 1324 2921 1362 2999; x_wconf 75' lang='lat' dir='ltr'>dc</span> 
     </span>
     <span class='ocr_line' id='line_1_22' title="bbox 335 3040 1361 3142; baseline -0.002 -20"><span class='ocrx_word' id='word_1_137' title='bbox 335 3044 448 3141; x_wconf 86' lang='lat' dir='ltr'>super</span> <span class='ocrx_word' id='word_1_138' title='bbox 482 3040 743 3121; x_wconf 87' lang='lat' dir='ltr'>concubinatus</span> <span class='ocrx_word' id='word_1_139' title='bbox 773 3042 1032 3142; x_wconf 72' lang='lat' dir='ltr'>incontinentia</span> <span class='ocrx_word' id='word_1_140' title='bbox 1063 3042 1361 3120; x_wconf 87' lang='lat' dir='ltr'>tabernariorum</span> 
     </span>
     <span class='ocr_line' id='line_1_23' title="bbox 320 3156 1362 3259; baseline 0.003 -19"><span class='ocrx_word' id='word_1_141' title='bbox 320 3161 546 3259; x_wconf 61' lang='lat' dir='ltr'>,officiarum</span> <span class='ocrx_word' id='word_1_142' title='bbox 589 3160 761 3240; x_wconf 89' lang='lat' dir='ltr'>ludorum</span> <span class='ocrx_word' id='word_1_143' title='bbox 799 3161 1012 3240; x_wconf 81' lang='lat' dir='ltr'>illicitorum</span> <span class='ocrx_word' id='word_1_144' title='bbox 1051 3156 1362 3259; x_wconf 84' lang='lat' dir='ltr'>blasphemiarum</span> 
     </span>
     <span class='ocr_line' id='line_1_24' title="bbox 336 3269 1360 3373; baseline -0.002 -23"><span class='ocrx_word' id='word_1_145' title='bbox 336 3271 590 3351; x_wconf 82' lang='lat' dir='ltr'>conviciorum</span> <span class='ocrx_word' id='word_1_146' title='bbox 609 3272 840 3372; x_wconf 79' lang='lat' dir='ltr'>aliorumque</span> <span class='ocrx_word' id='word_1_147' title='bbox 859 3271 1039 3351; x_wconf 87' lang='lat' dir='ltr'>viciorum</span> <span class='ocrx_word' id='word_1_148' title='bbox 1059 3269 1360 3373; x_wconf 72' lang='lat' dir='ltr'>pravitatibus&amp;</span> 
     </span>
     <span class='ocr_line' id='line_1_25' title="bbox 335 3385 1315 3489; baseline -0.004 -20"><span class='ocrx_word' id='word_1_149' title='bbox 335 3385 571 3469; x_wconf 77' lang='lat' dir='ltr'>abusionibus</span> <span class='ocrx_word' id='word_1_150' title='bbox 589 3386 744 3485; x_wconf 87' lang='lat' dir='ltr'>prorsus</span> <span class='ocrx_word' id='word_1_151' title='bbox 768 3388 948 3472; x_wconf 65' lang='lat' dir='ltr'>evitandis</span> <span class='ocrx_word' id='word_1_152' title='bbox 975 3388 1010 3466; x_wconf 82' lang='lat' dir='ltr'>dr</span> <span class='ocrx_word' id='word_1_153' title='bbox 1034 3390 1258 3489; x_wconf 83' lang='lat' dir='ltr'>extirpandis</span> <span class='ocrx_word' id='word_1_154' title='bbox 1286 3413 1315 3465; x_wconf 88' lang='lat' dir='ltr'>n</span> 
     </span>
    </p>

    <p class='ocr_par' dir='ltr' id='par_1_8' title="bbox 333 3410 1445 3957">
     <span class='ocr_line' id='line_1_26' title="bbox 335 3410 1361 3584; baseline -0.003 0"><span class='ocrx_word' id='word_1_155' title='bbox 335 3528 412 3584; x_wconf 93' lang='lat' dir='ltr'>non</span> <span class='ocrx_word' id='word_1_156' title='bbox 433 3500 632 3579; x_wconf 84' lang='lat' dir='ltr'>virtutibus</span> <span class='ocrx_word' id='word_1_157' title='bbox 654 3500 831 3581; x_wconf 77' lang='lat' dir='ltr'>sessandis</span> <span class='ocrx_word' id='word_1_158' title='bbox 849 3505 1062 3582; x_wconf 86' lang='lat' dir='ltr'>decentibus</span> <span class='ocrx_word' id='word_1_159' title='bbox 1077 3500 1113 3580; x_wconf 80' lang='lat' dir='ltr'>de</span> <span class='ocrx_word' id='word_1_160' title='bbox 1126 3503 1281 3584; x_wconf 85' lang='lat' dir='ltr'>honestis</span> <span class='ocrx_word' id='word_1_161' title='bbox 1295 3410 1361 3582; x_wconf 46' lang='lat' dir='ltr'>hx</span> 
     </span>
     <span class='ocr_line' id='line_1_27' title="bbox 335 3609 1445 3723; baseline 0.001 -26"><span class='ocrx_word' id='word_1_162' title='bbox 335 3609 474 3697; x_wconf 75' lang='lat' dir='ltr'>bisibus</span> <span class='ocrx_word' id='word_1_163' title='bbox 501 3618 537 3693; x_wconf 76' lang='grc' dir='ltr'>ά</span> <span class='ocrx_word' id='word_1_164' title='bbox 561 3618 727 3705; x_wconf 81' lang='lat' dir='ltr'>moribus</span> <span class='ocrx_word' id='word_1_165' title='bbox 749 3617 964 3698; x_wconf 79' lang='lat' dir='ltr'>assumendis</span> <span class='ocrx_word' id='word_1_166' title='bbox 987 3618 1193 3698; x_wconf 84' lang='lat' dir='ltr'>sertonibus</span> <span class='ocrx_word' id='word_1_167' title='bbox 1215 3613 1362 3723; x_wconf 75' lang='lat' dir='ltr'>argenti</span> <span class='ocrx_word' id='word_1_168' title='bbox 1438 3637 1445 3654; x_wconf 85' lang='lat'><strong><em>‘</em></strong></span> 
     </span>
     <span class='ocr_line' id='line_1_28' title="bbox 334 3730 1363 3836; baseline 0.005 -24"><span class='ocrx_word' id='word_1_169' title='bbox 334 3730 587 3832; x_wconf 86' lang='lat' dir='ltr'>persolvendis</span> <span class='ocrx_word' id='word_1_170' title='bbox 611 3733 871 3815; x_wconf 68' lang='lat' dir='ltr'>&amp;nacionibus</span> <span class='ocrx_word' id='word_1_171' title='bbox 891 3736 1065 3815; x_wconf 83' lang='lat' dir='ltr'>faciendis</span> <span class='ocrx_word' id='word_1_172' title='bbox 1084 3753 1194 3834; x_wconf 85' lang='lat' dir='ltr'>atque</span> <span class='ocrx_word' id='word_1_173' title='bbox 1211 3740 1255 3813; x_wconf 89' lang='lat' dir='ltr'>de</span> <span class='ocrx_word' id='word_1_174' title='bbox 1273 3761 1363 3836; x_wconf 83' lang='lat' dir='ltr'>que-</span> 
     </span>
     <span class='ocr_line' id='line_1_29' title="bbox 333 3853 1365 3957; baseline 0.005 -23"><span class='ocrx_word' id='word_1_175' title='bbox 333 3853 514 3952; x_wconf 84' lang='lat' dir='ltr'>stionarijs</span> <span class='ocrx_word' id='word_1_176' title='bbox 531 3854 730 3940; x_wconf 69' lang='lat' dir='ltr'>deterius</span> <span class='ocrx_word' id='word_1_177' title='bbox 756 3857 883 3938; x_wconf 87' lang='lat' dir='ltr'>alienis</span> <span class='ocrx_word' id='word_1_178' title='bbox 905 3858 980 3936; x_wconf 79' lang='lat' dir='ltr'>sive</span> <span class='ocrx_word' id='word_1_179' title='bbox 1004 3859 1042 3937; x_wconf 89' lang='lat' dir='ltr'>io</span> <span class='ocrx_word' id='word_1_180' title='bbox 1063 3859 1194 3936; x_wconf 79' lang='lat' dir='ltr'>diocese</span> <span class='ocrx_word' id='word_1_181' title='bbox 1215 3857 1365 3957; x_wconf 84' lang='lat' dir='ltr'>spirensi</span> 
     </span>
    </p>

    <p class='ocr_par' dir='ltr' id='par_1_9' title="bbox 312 3974 1408 4311">
     <span class='ocr_line' id='line_1_30' title="bbox 312 3974 1367 4078; baseline 0.011 -29"><span class='ocrx_word' id='word_1_182' title='bbox 312 4059 314 4064; x_wconf 50' lang='grc'>,</span> <span class='ocrx_word' id='word_1_183' title='bbox 333 3996 410 4051; x_wconf 95' lang='lat' dir='ltr'>non</span> <span class='ocrx_word' id='word_1_184' title='bbox 426 3974 648 4055; x_wconf 82' lang='lat' dir='ltr'>beneficiatis</span> <span class='ocrx_word' id='word_1_185' title='bbox 661 3995 726 4055; x_wconf 85' lang='lat' dir='ltr'>aut</span> <span class='ocrx_word' id='word_1_186' title='bbox 743 3977 831 4056; x_wconf 80' lang='lat' dir='ltr'>alias</span> <span class='ocrx_word' id='word_1_187' title='bbox 844 3977 935 4055; x_wconf 88' lang='lat' dir='ltr'>inibi</span> <span class='ocrx_word' id='word_1_188' title='bbox 949 4000 1020 4056; x_wconf 90' lang='lat' dir='ltr'>non</span> <span class='ocrx_word' id='word_1_189' title='bbox 1037 3978 1212 4056; x_wconf 85' lang='lat' dir='ltr'>ordinatis</span> <span class='ocrx_word' id='word_1_190' title='bbox 1229 3980 1367 4078; x_wconf 84' lang='lat' dir='ltr'>absque</span> 
     </span>
     <span class='ocr_line' id='line_1_31' title="bbox 332 4087 1385 4192; baseline 0.006 -25"><span class='ocrx_word' id='word_1_191' title='bbox 332 4087 588 4170; x_wconf 74' lang='lat' dir='ltr'>admissionum</span> <span class='ocrx_word' id='word_1_192' title='bbox 607 4094 738 4172; x_wconf 86' lang='lat' dir='ltr'>litteris</span> <span class='ocrx_word' id='word_1_193' title='bbox 758 4096 921 4171; x_wconf 88' lang='lat' dir='ltr'>nondum</span> <span class='ocrx_word' id='word_1_194' title='bbox 939 4095 1112 4192; x_wconf 85' lang='lat' dir='ltr'>expiratis</span> <span class='ocrx_word' id='word_1_195' title='bbox 1128 4095 1277 4173; x_wconf 77' lang='lat' dir='ltr'>mininie</span> <span class='ocrx_word' id='word_1_196' title='bbox 1296 4099 1362 4172; x_wconf 81' lang='lat' dir='ltr'>ad·</span> <span class='ocrx_word' id='word_1_197' title='bbox 1382 4126 1385 4130; x_wconf 90' lang='lat'>·</span> 
     </span>
     <span class='ocr_line' id='line_1_32' title="bbox 333 4206 1408 4311; baseline 0.007 -23"><span class='ocrx_word' id='word_1_198' title='bbox 333 4207 542 4307; x_wconf 75' lang='lat' dir='ltr'>mittendis,</span> <span class='ocrx_word' id='word_1_199' title='bbox 562 4207 694 4290; x_wconf 80' lang='lat' dir='ltr'>eunsia</span> <span class='ocrx_word' id='word_1_200' title='bbox 709 4230 855 4310; x_wconf 86' lang='lat' dir='ltr'>quoque</span> <span class='ocrx_word' id='word_1_201' title='bbox 870 4211 940 4291; x_wconf 85' lang='lat' dir='ltr'>asia</span> <span class='ocrx_word' id='word_1_202' title='bbox 956 4231 980 4289; x_wconf 85' lang='lat' dir='ltr'>a</span> <span class='ocrx_word' id='word_1_203' title='bbox 998 4210 1152 4291; x_wconf 74' lang='lat' dir='ltr'>nobis&amp;</span> <span class='ocrx_word' id='word_1_204' title='bbox 1172 4206 1364 4311; x_wconf 82' lang='lat' dir='ltr'>predeces·</span> <span class='ocrx_word' id='word_1_205' title='bbox 1404 4287 1408 4295; x_wconf 91' lang='lat'>.</span> 
     </span>
    </p>
   </div>
   <div class='ocr_carea' id='block_1_4' title="bbox 796 4323 1315 4429">
    <p class='ocr_par' dir='ltr' id='par_1_10' title="bbox 796 4323 1315 4429">
     <span class='ocr_line' id='line_1_33' title="bbox 796 4323 1315 4429; baseline 0.01 -22"><span class='ocrx_word' id='word_1_206' title='bbox 796 4325 831 4425; x_wconf 87' lang='lat' dir='ltr'>Q</span> <span class='ocrx_word' id='word_1_207' title='bbox 859 4343 916 4429; x_wconf 65' lang='lat'>33</span> <span class='ocrx_word' id='word_1_208' title='bbox 1169 4323 1315 4412; x_wconf 76' lang='lat' dir='ltr'>roribus</span> 
     </span>
    </p>
   </div>
   <div class='ocr_carea' id='block_1_5' title="bbox 0 0 1710 5117">
    <p class='ocr_par' dir='ltr' id='par_1_11' title="bbox 0 0 1710 5117">
     <span class='ocr_line' id='line_1_34' title="bbox 0 0 1710 5117; baseline 0 1"><span class='ocrx_word' id='word_1_209' title='bbox 0 0 1710 5117; x_wconf 95' lang='lat' dir='ltr'> </span> 
     </span>
    </p>
   </div>
  </div>
 </body>
</html>
