3409 5117
464 600 536 688 428
696 627 700 636 ,
796 557 1086 662 msera

421 749 527 828 diuis
572 753 850 853 proconsulibus
892 755 1097 836 consulibus
1130 760 1442 842 Gubernatoribus

420 875 564 951 civibus
594 885 647 951 'ex
678 872 831 949 adverso
865 875 1126 971 principalibus
1150 877 1334 971 prediclis
1358 879 1443 955 deci

422 989 533 1088 super
556 990 592 1065 in
613 1007 827 1086 prenarrata
854 989 1099 1067 commistione
1125 993 1310 1068 contentis
1333 997 1444 1088 culpa·

417 1114 508 1188 biles
539 1107 689 1185 ferimus
724 1108 760 1182 in
786 1107 853 1205 hiis
889 1105 1056 1204 scriptis,
1080 1132 1267 1208 quamque
1302 1113 1443 1210 quemli-

372 1226 375 1232 ’
410 1228 489 1315 ,bet
518 1249 645 1305 eorum
678 1225 885 1325 hujumodi
920 1229 1050 1303 nostris
1073 1251 1158 1328 ymo
1199 1231 1331 1306 verius
1363 1230 1445 1312 oieb

419 1343 536 1423 finodi
567 1342 890 1420 municionibus&
919 1347 1096 1421 mandatis
1120 1365 1251 1422 contra
1277 1347 1443 1422 facientes

424 1466 615 1543 incurrere
641 1464 810 1536 volumus
837 1459 912 1558 ipso
939 1462 1037 1539 fabio
1060 1461 1222 1540 dillritlc
1244 1464 1443 1562 precipien-

418 1579 465 1654 do
497 1579 706 1656 mandantes
741 1594 918 1675 quatenus
949 1578 1044 1654 infra
1070 1581 1279 1676 quindecim
1308 1581 1453 1655 dierum¹

419 1692 617 1768 terminum
645 1688 724 1783 post
752 1687 1028 1784 requiricionem
1054 1689 1086 1762 d
1117 1691 1366 1766 municionem
1390 1710 1442 1763 cc-

417 1811 506 1886 liras
538 1803 744 1905 hujusmodi
772 1805 823 1880 eis
847 1802 961 1878 fauas
977 1803 1185 1881 immediate
1213 1804 1442 1904 sequencium

417 1948 525 2025 quern
560 1922 757 1998 terminum
787 1920 835 1994 eis
856 1919 890 1993 u
914 1941 1040 1995 eorum
1070 1921 1222 1997 cuilibet
1255 1946 1327 2020 pro
1351 1918 1440 1996 orsini

416 2042 593 2117 dilacione
628 2035 856 2133 terminoque
884 2037 1133 2132 peremptorio
1164 2059 1207 2112 ac
1239 2040 1440 2114 municione

416 2153 587 2231 carronica
610 2151 793 2252 allignetis
812 2139 918 2246 quern
941 2172 1004 2225 nos
1023 2151 1135 2226 eciam
1159 2150 1208 2227 uc
1228 2150 1440 2253 allignamus

417 2269 540 2345 omnia
565 2266 600 2342 ti
623 2265 762 2366 fingula
794 2264 926 2339 statuta
952 2262 1069 2338 edicta
1087 2281 1264 2360 precepta
1285 2267 1322 2339 di
1347 2289 1439 2341 man·

412 2386 497 2459 data
527 2403 595 2478 per
626 2403 685 2457 eos
711 2379 770 2453 l'eu
798 2400 925 2453 eorum
960 2377 1180 2455 audioritate
1203 2401 1333 2458 contra
1364 2405 1438 2477 pre·

415 2493 510 2572 fatos
530 2495 631 2572 Duos
658 2494 817 2570 Prelatos
834 2492 868 2566 dr
885 2495 1023 2567 clerum
1042 2490 1151 2587 ipius
1178 2492 1338 2569 civitatis
1365 2494 1442 2570 Ma-

414 2625 531 2711 gunt:
558 2631 721 2685 necnon
746 2606 876 2681 statura
903 2607 1090 2682 libertates
1115 2603 1440 2685 consuetudines&

413 2721 611 2826 priuilegia
640 2721 690 2795 eis
714 2720 748 2793 u
777 2739 904 2793 eorum
932 2718 1085 2814 ecclesiis
1111 2716 1273 2795 concello
1291 2743 1438 2816 quomo·

418 2838 557 2915 dolibet
579 2850 716 2911 temere
748 2833 782 2909 u
808 2836 853 2907 de
878 2832 975 2908 fatto
1000 2835 1096 2908 edita
1118 2832 1214 2907 facia
1242 2832 1278 2906 dc
1299 2838 1438 2929 procla·

412 2969 511 3033 mata
533 2949 665 3028 callent
691 2949 836 3024 irritent
859 2965 1037 3024 revocant
1064 2948 1306 3024 danrrullent
1334 2963 1439 3045 atquc

413 3075 457 3148 de
482 3064 743 3167 capitularibus
764 3063 822 3141 seu
853 3067 950 3141 libro
980 3067 1195 3141 statrtro'rum
1228 3087 1382 3161 per-eos
1406 3065 1439 3140 in

412 3183 656 3285 prejudicium
681 3182 907 3277 prelatorum
935 3197 1046 3276 atque
1070 3180 1168 3255 Cleri
1193 3202 1261 3255 nec
1283 3202 1357 3256 non
1376 3180 1438 3256 sta·

409 3317 575 3379 tutorum
601 3297 811 3371 libertatum
840 3292 1142 3370 consuetudinum
1169 3292 1437 3397 &priuilegio-

409 3432 495 3489 ram
518 3407 770 3505 predidiorum
804 3410 1118 3505 qualitercumque
1141 3407 1247 3484 faiiis
1276 3406 1339 3485 seu
1361 3410 1437 3484 edi·
1480 3447 1483 3470 ἰ

407 3521 454 3594 tis
477 3522 620 3615 penitus
657 3524 801 3597 deleant
827 3522 860 3596 ἀ
892 3523 1064 3598 aboleant
1080 3546 1122 3599 ac
1147 3523 1262 3598 deleri
1287 3524 1322 3598 de
1352 3525 1436 3599 abo·

407 3638 479 3715 leri
516 3635 651 3713 faciant
690 3638 726 3715 oz
765 3640 1029 3736 procurent&
1070 3642 1203 3715 amodo
1239 3641 1329 3715 talia
1369 3662 1438 3717 nou

411 3753 734 3831 committanunec
761 3779 834 3832 non
865 3759 909 3831 de
942 3755 1129 3852 violenciis
1166 3753 1309 3855 injuriis
1338 3758 1438 3832 inua-

409 3861 568 3939 sronibus
608 3866 771 3961 dampnis
812 3867 974 3961 expensas
1006 3867 1039 3941 oz
1074 3867 1240 3944 interellc
1277 3891 1347 3965 per
1380 3889 1437 3944 eos

408 3970 516 4047 diuis
545 3972 711 4051 Dominis
736 3978 885 4053 Prclatis
911 3980 1079 4073 capitulis
1096 3978 1278 4055 canonicis
1301 3979 1335 4053 oz
1359 4000 1438 4075 per·

409 4080 503 4160 souis
523 4082 585 4164 seu
603 4090 784 4185 aliquibus
813 4116 858 4167 ex
879 4092 928 4170 eis
945 4095 1053 4168 illatis
1076 4096 1120 4170 de
1148 4094 1283 4193 quibus
1302 4095 1338 4169 in
1356 4114 1439 4191 prc-

407 4194 550 4281 iuscrtis
566 4205 872 4289 commistionibus
895 4207 1036 4288 mencio
1059 4207 1101 4287 lit
1116 4207 1338 4291 satisfacIant
1361 4229 1438 4285 rea·
1474 4251 1478 4260 ·

1297 4324 1385 4403 liter
