3409 5117
475 521 546 633 oti
807 555 1077 622 m*

425 730 610 794 tentatum
625 715 878 792 executionem
895 716 1067 815 usquead
1083 715 1303 816 privationis
1318 718 1446 804 stotto-

426 845 513 919 tiam
536 835 709 915 inclusive
724 835 886 931 aliasque
902 836 1005 931 juxta
1022 836 1217 913 arbitrium
1236 842 1402 920 nostrum
1419 843 1447 921 dt

426 954 550 1033 oetieti
570 948 781 1048 qualitatem
793 950 994 1041 procedere
1006 948 1217 1023 curabimus
1234 950 1370 1045 justitia
1385 977 1450 1031 me·

423 1071 570 1152 diante,
601 1075 765 1134 ceteruni
796 1076 842 1129 ne
867 1058 999 1174 aliquis
1026 1081 1093 1154 per
1117 1062 1408 1162 ignorantiami
1386 1069 1448 1145 sive

424 1172 689 1261 contumaciam
707 1162 743 1241 se
760 1164 932 1244 excusare
951 1150 1135 1265 presumat
1152 1175 1317 1266 distriste
1336 1180 1375 1256 dr
1394 1179 1448 1256 sub

424 1310 518 1390 pena
537 1278 779 1379 suspensionis
802 1278 850 1352 ab
872 1277 992 1354 officio
1010 1281 1221 1359 divinorum
1241 1286 1313 1385 hijs
1340 1289 1449 1387 Scrip

427 1406 472 1480 tis
491 1406 561 1475 late
578 1390 750 1468 sententie
763 1389 998 1483 precipiendo
1012 1392 1251 1481 mandamus,
1278 1416 1449 1493 quatenus

425 1507 545 1585 nostre
577 1500 724 1599 majoris
750 1498 785 1572 ἃ
810 1499 967 1575 aliarum
989 1500 1146 1576 civitatis
1171 1502 1269 1579 infra
1294 1508 1448 1583 triduum

317 1699 323 1706 ,
425 1616 637 1715 proximum
661 1630 815 1684 necnon
836 1629 1136 1707 quatumcunque
1154 1628 1366 1691 ceterarum
1383 1620 1447 1693 col·

425 1734 643 1831 legiatarum
659 1720 805 1797 diocesis
822 1719 987 1818 spireufis
1012 1724 1242 1800 ecclesiarum
1263 1749 1308 1803 ac
1328 1729 1446 1830 singuli

425 1847 565 1927 sedium
589 1839 770 1918 ruralium
790 1839 929 1914 Decani
957 1838 1032 1915 sive
1056 1839 1258 1937 Camerarij
1278 1862 1344 1919 aut
1362 1844 1445 1942 ipso·

425 1986 509 2043 rum
525 1954 641 2051 nuntij
655 1970 850 2051 antequam
872 1979 890 2029 a
906 1952 1001 2030 disla
1016 1956 1136 2032 nostra
1149 1957 1303 2034 civitate
1311 1957 1445 2092 ‘spiren-¹

425 2077 453 2154 fi
474 2073 647 2152 recedant
669 2067 879 2165 hujusmodi
897 2069 1008 2144 nostri
1029 2067 1211 2164 processus
1236 2077 1382 2170 copiam
1396 2092 1445 2151 re·

425 2187 562 2283 cipiunt
577 2201 643 2255 nec
662 2200 734 2253 non
758 2179 818 2253 hic
836 2194 1005 2253 contenta
1025 2177 1059 2251 dr
1070 2178 1148 2253 alia
1169 2180 1301 2257 statuta
1317 2183 1444 2258 sinodo

422 2304 474 2380 lia
490 2298 523 2373 di
538 2295 778 2394 provincialia
795 2294 961 2389 preditta
980 2289 1112 2369 semel
1103 2317 1138 2368 in
1156 2313 1253 2368 anno
1271 2299 1319 2370 ad
1334 2298 1443 2375 minus

423 2412 608 2513 signanter
630 2421 752 2481 tamen
771 2406 869 2480 hunc
891 2406 1052 2479 noui-uni
1075 2425 1141 2479 nec
1169 2425 1242 2478 non
1261 2405 1353 2480 alios
1369 2426 1444 2505 pto

425 2518 538 2599 celsus
560 2535 668 2611 atque
692 2519 821 2591 statuta
843 2516 878 2591 dt
909 2518 1076 2590 mandata
1099 2515 1391 2612 prespeciiicatos
1415 2514 1444 2589 di

424 2630 695 2731 prespecisicata
712 2629 756 2703 de
778 2627 895 2700 verbo
912 2628 957 2698 ad
977 2626 1160 2699 verbum
1151 2650 1187 2699 m
1206 2628 1376 2723 proxima
1390 2649 1443 2701 eo·

424 2764 508 2817 ruiti
525 2738 788 2816 convocatione
812 2752 852 2811 ut
878 2734 1068 2831 prefertur
1094 2737 1242 2830 publice
1264 2740 1428 2841 leget
1370 2736 1442 2813 insi-

424 2875 531 2931 nuari
522 2851 582 2924 di
599 2849 781 2946 publicari
800 2849 967 2923 ordinent
982 2860 1092 2937 atque
1111 2865 1324 2937 procurent.
1376 2849 1440 2922 Da

424 2963 552 3038 tumst
579 2960 732 3048 ocium
722 2963 930 3033 incivitate
951 2956 1071 3030 nostra
1093 2952 1243 3049 spirensi
1265 2959 1439 3034 anteditlt

426 3071 588 3151 Crastina
612 3073 774 3144 oninium
790 3068 996 3144 solidiorum
1016 3063 1127 3137 Anno
1148 3064 1220 3140 Dr'ii
1252 3066 1439 3143 Millesimo

426 3182 778 3292 quadriiigentefinio
795 3204 890 3257 nono
907 3177 1017 3254 nostri
1035 3172 1100 3251 sub
1124 3177 1325 3259 vicariatus
1340 3182 1438 3282 officij

424 3296 542 3397 figillo
556 3297 780 3390 presentibus
796 3293 966 3391 appenso

428 3454 1441 3516 --·----·.ε·---·-ε-.,.-

901 3615 963 3723 L.

720 3812 903 3935 Julilate
957 3772 1136 3906 cxlix,
1402 3785 1405 3792 ’
1460 3637 1468 4208 Ι

489 3998 603 4076 udoi’
593 4019 668 4073 icus
688 3996 758 4072 Dei
779 3997 896 4098 gratia
917 3995 1113 4093 Episcopus
1134 3994 1284 4092 spirens
1286 4022 1302 4073 s
1325 3997 1436 4075 Vene-

513 4112 689 4187 rabilibus
702 4110 975 4183 honorabilibus
999 4130 1042 4181 ac
1065 4108 1270 4208 religiosis
1259 4133 1297 4185 in
1313 4109 1436 4187 christo

418 4222 524 4296 nobis
541 4219 681 4300 dileslrs
690 4219 867 4297 universis
884 4221 919 4295 di
935 4218 1084 4324 fingulis
1099 4221 1264 4318 perionis
1278 4211 1466 4299 ecclcsia-

1301 4343 1395 4415 ilicis
