3409 5117
663 525 933 591 m
1194 548 1261 623 343

283 681 394 776 censs,
424 682 930 787 Gerbardo‘Schunauniensi,
955 686 993 765 n
1016 688 1154 775 Joannt
1176 677 1315 767 montis·

282 791 318 873 S·
336 794 487 881 Joannis
503 795 539 875 in
552 797 736 899 Ringavia
751 800 961 882 Abbatibus
980 801 1226 880 vificatoribus
1242 820 1309 873 no·

280 911 361 986 stris
378 912 482 988 nobis
503 914 541 992 in
563 915 734 1013 Capitulo
755 918 877 998 annali
902 915 1091 996 noviffime
1111 914 1308 1011 deputatis,

279 1043 324 1099 ac
346 1022 552 1136 ¹specialiter
576 1031 756 1108 advocato
781 1033 986 1110 venerabili
1012 1031 1172 1107 Domino
1190 1031 1307 1122 jodoco

281 1133 323 1207 de
345 1138 483 1218 Selbacb
506 1145 651 1235 Jurium
675 1148 861 1225 licentiato
884 1148 1033 1229 Decano
1056 1146 1092 1236 S.
1108 1147 1208 1223 Petri
1224 1144 1305 1220 Mo-

277 1255 407 1343 gnntiae
423 1258 703 1342 Prothonotario
722 1262 789 1339 uc.
809 1287 853 1343 ac
871 1264 1078 1363 monasterii
1095 1265 1206 1341 nostri
1222 1261 1304 1339 fau-

277 1372 351 1447 tori
367 1374 554 1478 flngulatl,
570 1382 650 1481 alijs
667 1381 927 1478 convocandis,
942 1378 1129 1480 citatisque
1139 1382 1306 1457 etiamad

276 1480 348 1560 hoc
361 1490 489 1565 nostris
507 1492 621 1570 literis
631 1494 806 1601 citatorijs
820 1517 887 1595 per
907 1495 1091 1573 notarium
1112 1494 1308 1592 publicum

275 1601 449 1686 involvis
465 1604 526 1685 sen
538 1612 652 1705 portis
668 1611 833 1693 Ecclestae
857 1612 987 1691 nostrae
1002 1608 1119 1689 affixis
1135 1609 1308 1686 omnibus

275 1712 480 1817 &lingulis
495 1720 557 1821 qui
570 1720 657 1801 huic
680 1722 860 1802 Eleilioni
879 1721 1019 1824 dejure
1036 1722 1095 1797 vel
1112 1717 1304 1797 consuetu·
1374 1732 1378 1739 “

264 1826 357 1901 'nine
381 1826 577 1906 debuerint
599 1831 659 1911 vel
679 1832 871 1932 potuerint
889 1826 1078 1924 intercise,
1098 1828 1165 1911 icc.
1187 1829 1320 1929 omni-v

274 1939 411 2041 busque
429 1945 669 2044 riteperaciis
684 1947 822 2045 placuit
837 1944 903 2028 icc.
922 1946 1100 2044 perviam
1118 1946 1305 2043 Compro-

269 2059 365 2136 milil
378 2060 525 2139 limitati
544 2064 768 2161 procedere,
795 2063 936 2143 Idcirco
957 2062 1300 2159 compromittimns

267 2175 304 2249 in
328 2173 563 2274 Supraclicius
578 2180 757 2261 Dominus
776 2179 942 2258 Abbates
963 2175 1216 2254 &Dominum
1232 2178 1300 2263 Ju·
1334 2267 1339 2279 ⁸

270 2288 386 2366 docum
414 2286 610 2366 Selbocb&
636 2290 673 2367 in
698 2286 840 2369 eosdem
864 2286 1190 2386 Compromifimus
1210 2310 1302 2369 cum

266 2398 485 2476 limitatione
505 2398 569 2477 sub
589 2400 710 2484 forma
724 2400 899 2502 sequenti.
952 2402 1032 2503 Ego
1054 2398 1171 2478 frater
1200 2402 1298 2477 Chri·

260 2509 397 2613 iliacus
410 2509 515 2589 Prior
529 2512 698 2614 totusque
715 2513 926 2594 Conventus
942 2511 1010 2592 nc.
1028 2511 1188 2591 mtcnaur
1203 2510 1316 2608 pub·-

265 2622 338 2702 lice
354 2634 461 2719 atque
477 2622 747 2718 protestamur,
788 2623 924 2700 Coram
949 2621 1055 2699 vobis
1084 2620 1241 2699 Notario
1261 2619 1298 2696 oz

265 2736 414 2816 testibus
429 2740 526 2837 quod
543 2753 696 2821 vacante
708 2737 873 2817 Abbatia
892 2738 964 2834 jam
985 2736 1072 2813 dicii
1088 2736 1298 2822 monasterii

264 2849 380 2933 nostri
394 2873 441 2933 ex
457 2850 562 2951 obitu
579 2854 764 2955 quondam
783 2851 994 2935 Reverendi
1011 2849 1124 2928 Patris
1141 2849 1209 2927 (ac.
1303 2867 1306 2872 ·

339 3021 378 3104 Si
412 3042 533 3108 autem
566 3028 807 3131 Contingeret
835 3042 924 3105 vota
957 3025 1173 3129 eligentium
1204 3024 1325 3105 hinc
1394 3098 1397 3102 ,

262 3140 351 3224 inde
411 3143 573 3247 dispergi
622 3144 869 3243 perplures
924 3143 1129 3221 nominatos
1195 3143 1309 3228 unde,

262 3255 455 3340 difficultas
505 3263 596 3340 oriri
638 3260 774 3360 pollit,
812 3260 997 3357 praediliis
1044 3254 1292 3353 compromis-

259 3375 364 3457 sariis
402 3380 528 3461 nolitis
576 3382 824 3461 omnimodam
858 3379 1071 3458 facultatem
1110 3375 1146 3452 lit
1185 3391 1291 3473 pote·
1380 3478 1381 3481 Ν

259 3494 388 3578 statem
439 3497 660 3606 conferimus
702 3514 742 3575 nt
780 3498 935 3597 quilibet
986 3516 1115 3575 eorum
1158 3509 1289 3572 votum

257 3611 421 3718 liberum
469 3616 573 3718 juxta
625 3614 806 3695 dibiamen
855 3611 1090 3693 Conscientiae
1138 3606 1211 3686 suae
1249 3611 1312 3687 in'

258 3718 329 3795 hic
373 3723 550 3825 eleiiiune
593 3724 741 3822 habeat,
781 3724 894 3803 &fic
911 3726 1057 3802 tandem
1092 3719 1192 3797 omni
1223 3740 1289 3797 um
1306 3745 1320 3834 s

254 3842 354 3920 votis
384 3847 569 3944 collectis,
594 3871 703 3948 quesn
732 3845 928 3931 secundum
955 3846 1025 3926 Dei
1045 3847 1228 3928 timorem
1245 3868 1290 3926 ac
1416 3897 1430 3922 s

252 3959 557 4045 conscientiarum
587 3968 700 4046 lidum
718 3968 964 4046 testimouium
981 3965 1204 4045 crediderint
1217 3962 1289 4046 else

250 4083 445 4166 meliorem
460 4086 495 4161 tlt
511 4086 695 4164 utiliorem
712 4087 792 4166 no
823 4086 860 4164 Si
877 4101 999 4164 antem
1023 4083 1089 4183 ipss
1106 4086 1289 4181 Compro-

249 4193 403 4277 tniliarii
427 4200 540 4283 nollci
556 4216 640 4285 ante
671 4199 755 4282 solis
788 4201 954 4285 occasum
982 4203 1090 4304 buius
1118 4202 1188 4280 diei
1215 4223 1289 4281 nou

395 4359 397 4364 ,
736 4319 819 4419 Η
1167 4322 1241 4402 ele·
