<?xml version="1.0" encoding="UTF-8"?>
<!DOCTYPE html PUBLIC "-//W3C//DTD XHTML 1.0 Transitional//EN"
    "http://www.w3.org/TR/xhtml1/DTD/xhtml1-transitional.dtd">
<html xmlns="http://www.w3.org/1999/xhtml" xml:lang="en" lang="en">
 <head>
  <title>
</title>
<meta http-equiv="Content-Type" content="text/html;charset=utf-8" />
  <meta name='ocr-system' content='tesseract 3.04.00' />
  <meta name='ocr-capabilities' content='ocr_page ocr_carea ocr_par ocr_line ocrx_word'/>
</head>
<body>
  <div class='ocr_page' id='page_1' title='image "./subsidiadiploma00wrgoog_0395.png"; bbox 0 0 3409 5117; ppageno 0'>
   <div class='ocr_carea' id='block_1_1' title="bbox 739 545 1338 681">
    <p class='ocr_par' dir='ltr' id='par_1_1' title="bbox 739 501 1338 681">
     <span class='ocr_line' id='line_1_1' title="bbox 739 545 1338 681; baseline -0.005 -34"><span class='ocrx_word' id='word_1_1' title='bbox 739 545 1011 681; x_wconf 58' lang='lat' dir='ltr'><em>Q</em></span> <span class='ocrx_word' id='word_1_2' title='bbox 1267 566 1338 644; x_wconf 77' lang='lat' dir='ltr'>ast</span> 
     </span>
    </p>
   </div>
   <div class='ocr_carea' id='block_1_2' title="bbox 315 679 1427 2431">
    <p class='ocr_par' dir='ltr' id='par_1_2' title="bbox 315 679 1427 2431">
     <span class='ocr_line' id='line_1_2' title="bbox 354 679 1387 792; baseline 0.001 -1"><span class='ocrx_word' id='word_1_3' title='bbox 354 709 427 791; x_wconf 72' lang='lat' dir='ltr'>lati</span> <span class='ocrx_word' id='word_1_4' title='bbox 456 710 628 785; x_wconf 82' lang='lat' dir='ltr'>unionem</span> <span class='ocrx_word' id='word_1_5' title='bbox 655 710 693 787; x_wconf 77' lang='lat' dir='ltr'>dt</span> <span class='ocrx_word' id='word_1_6' title='bbox 719 679 1259 791; x_wconf 74' lang='lat' dir='ltr'>&#39;confederacionen&#39;lnolcem</span> <span class='ocrx_word' id='word_1_7' title='bbox 1294 714 1387 792; x_wconf 66' lang='lat' dir='ltr'>inie-</span> 
     </span>
     <span class='ocr_line' id='line_1_3' title="bbox 355 819 1419 918; baseline 0.004 -19"><span class='ocrx_word' id='word_1_8' title='bbox 355 838 448 899; x_wconf 88' lang='lat' dir='ltr'>runt</span> <span class='ocrx_word' id='word_1_9' title='bbox 470 845 542 918; x_wconf 86' lang='lat' dir='ltr'>que</span> <span class='ocrx_word' id='word_1_10' title='bbox 557 819 651 917; x_wconf 89' lang='lat' dir='ltr'>ipsos</span> <span class='ocrx_word' id='word_1_11' title='bbox 676 820 712 896; x_wconf 81' lang='lat' dir='ltr'>dc</span> <span class='ocrx_word' id='word_1_12' title='bbox 737 843 867 898; x_wconf 90' lang='lat' dir='ltr'>eorum</span> <span class='ocrx_word' id='word_1_13' title='bbox 891 822 1054 898; x_wconf 81' lang='lat' dir='ltr'>ecclefias</span> <span class='ocrx_word' id='word_1_14' title='bbox 1076 845 1099 897; x_wconf 86' lang='lat' dir='ltr'>a</span> <span class='ocrx_word' id='word_1_15' title='bbox 1121 828 1244 902; x_wconf 89' lang='lat' dir='ltr'>multis</span> <span class='ocrx_word' id='word_1_16' title='bbox 1268 830 1387 903; x_wconf 89' lang='lat' dir='ltr'>tedio·</span> <span class='ocrx_word' id='word_1_17' title='bbox 1418 908 1419 911; x_wconf 0' lang='lat' dir='ltr'>a</span> 
     </span>
     <span class='ocr_line' id='line_1_4' title="bbox 355 923 1386 1033; baseline 0.014 -26"><span class='ocrx_word' id='word_1_18' title='bbox 355 949 443 1008; x_wconf 83' lang='lat' dir='ltr'>rum</span> <span class='ocrx_word' id='word_1_19' title='bbox 472 932 619 1010; x_wconf 81' lang='lat' dir='ltr'><strong>sarcinis</strong></span> <span class='ocrx_word' id='word_1_20' title='bbox 648 934 850 1011; x_wconf 85' lang='lat' dir='ltr'>relevabat.</span> <span class='ocrx_word' id='word_1_21' title='bbox 902 936 985 1033; x_wconf 87' lang='lat' dir='ltr'>Que</span> <span class='ocrx_word' id='word_1_22' title='bbox 1012 923 1275 1017; x_wconf 78' lang='lat' dir='ltr'>Consederacio</span> <span class='ocrx_word' id='word_1_23' title='bbox 1299 942 1386 1020; x_wconf 88' lang='lat' dir='ltr'>licet</span> 
     </span>
     <span class='ocr_line' id='line_1_5' title="bbox 353 1048 1385 1151; baseline 0.015 -29"><span class='ocrx_word' id='word_1_24' title='bbox 353 1051 658 1151; x_wconf 81' lang='lat' dir='ltr'>ex·negligencia</span> <span class='ocrx_word' id='word_1_25' title='bbox 679 1051 715 1126; x_wconf 87' lang='lat' dir='ltr'>in</span> <span class='ocrx_word' id='word_1_26' title='bbox 740 1048 967 1125; x_wconf 89' lang='lat' dir='ltr'>oblivionem</span> <span class='ocrx_word' id='word_1_27' title='bbox 991 1048 1139 1148; x_wconf 78' lang='lat' dir='ltr'>abierit,</span> <span class='ocrx_word' id='word_1_28' title='bbox 1156 1055 1240 1149; x_wconf 89' lang='lat' dir='ltr'>quia</span> <span class='ocrx_word' id='word_1_29' title='bbox 1261 1069 1385 1138; x_wconf 82' lang='lat' dir='ltr'>tamen</span> 
     </span>
     <span class='ocr_line' id='line_1_6' title="bbox 353 1163 1427 1261; baseline 0.014 -24"><span class='ocrx_word' id='word_1_30' title='bbox 353 1184 471 1243; x_wconf 78' lang='lat' dir='ltr'>onere</span> <span class='ocrx_word' id='word_1_31' title='bbox 493 1167 530 1241; x_wconf 76' lang='lat' dir='ltr'>dc</span> <span class='ocrx_word' id='word_1_32' title='bbox 560 1170 777 1245; x_wconf 80' lang='lat' dir='ltr'>vexaciones</span> <span class='ocrx_word' id='word_1_33' title='bbox 808 1163 1013 1261; x_wconf 77' lang='lat' dir='ltr'>hujusmodi</span> <span class='ocrx_word' id='word_1_34' title='bbox 1035 1190 1110 1245; x_wconf 91' lang='lat' dir='ltr'>nun</span> <span class='ocrx_word' id='word_1_35' title='bbox 1140 1168 1273 1248; x_wconf 89' lang='lat' dir='ltr'>cessant</span> <span class='ocrx_word' id='word_1_36' title='bbox 1295 1196 1386 1251; x_wconf 78' lang='lat' dir='ltr'>con-</span> <span class='ocrx_word' id='word_1_37' title='bbox 1423 1215 1427 1222; x_wconf 93' lang='lat'>·</span> 
     </span>
     <span class='ocr_line' id='line_1_7' title="bbox 350 1277 1383 1385; baseline 0.012 -28"><span class='ocrx_word' id='word_1_38' title='bbox 350 1283 459 1359; x_wconf 86' lang='lat' dir='ltr'>tinne</span> <span class='ocrx_word' id='word_1_39' title='bbox 490 1281 549 1359; x_wconf 87' lang='lat' dir='ltr'>sed</span> <span class='ocrx_word' id='word_1_40' title='bbox 582 1300 787 1385; x_wconf 70' lang='lat' dir='ltr'>augentur,</span> <span class='ocrx_word' id='word_1_41' title='bbox 812 1277 925 1376; x_wconf 82' lang='lat' dir='ltr'>ipsam</span> <span class='ocrx_word' id='word_1_42' title='bbox 952 1280 1123 1361; x_wconf 88' lang='lat' dir='ltr'>unionem</span> <span class='ocrx_word' id='word_1_43' title='bbox 1145 1285 1183 1361; x_wconf 75' lang='lat' dir='ltr'>dc</span> <span class='ocrx_word' id='word_1_44' title='bbox 1213 1288 1383 1369; x_wconf 81' lang='lat' dir='ltr'>consede·</span> 
     </span>
     <span class='ocr_line' id='line_1_8' title="bbox 353 1398 1381 1496; baseline 0.014 -21"><span class='ocrx_word' id='word_1_45' title='bbox 353 1401 545 1476; x_wconf 88' lang='lat' dir='ltr'>racionem</span> <span class='ocrx_word' id='word_1_46' title='bbox 564 1418 711 1478; x_wconf 88' lang='lat' dir='ltr'>matura</span> <span class='ocrx_word' id='word_1_47' title='bbox 734 1398 1004 1475; x_wconf 75' lang='lat' dir='ltr'>deliberacione</span> <span class='ocrx_word' id='word_1_48' title='bbox 1033 1404 1226 1496; x_wconf 78' lang='lat' dir='ltr'>prehabito</span> <span class='ocrx_word' id='word_1_49' title='bbox 1255 1410 1381 1489; x_wconf 89' lang='lat' dir='ltr'>decre·</span> 
     </span>
     <span class='ocr_line' id='line_1_9' title="bbox 354 1512 1394 1613; baseline 0.014 -25"><span class='ocrx_word' id='word_1_50' title='bbox 354 1515 479 1591; x_wconf 84' lang='lat' dir='ltr'>vimus</span> <span class='ocrx_word' id='word_1_51' title='bbox 504 1518 705 1610; x_wconf 74' lang='lat' dir='ltr'>innovare,</span> <span class='ocrx_word' id='word_1_52' title='bbox 729 1528 772 1588; x_wconf 92' lang='lat' dir='ltr'>ut</span> <span class='ocrx_word' id='word_1_53' title='bbox 792 1512 909 1613; x_wconf 84' lang='lat' dir='ltr'>igitur</span> <span class='ocrx_word' id='word_1_54' title='bbox 930 1514 1059 1592; x_wconf 84' lang='lat' dir='ltr'>nostris</span> <span class='ocrx_word' id='word_1_55' title='bbox 1082 1520 1224 1598; x_wconf 87' lang='lat' dir='ltr'>viribus</span> <span class='ocrx_word' id='word_1_56' title='bbox 1245 1528 1394 1604; x_wconf 77' lang='lat' dir='ltr'>coadu·&#39;</span> 
     </span>
     <span class='ocr_line' id='line_1_10' title="bbox 315 1627 1382 1729; baseline 0.01 -21"><span class='ocrx_word' id='word_1_57' title='bbox 315 1634 321 1663; x_wconf 81' lang='lat'><strong>¹</strong></span> <span class='ocrx_word' id='word_1_58' title='bbox 352 1633 450 1708; x_wconf 89' lang='lat' dir='ltr'>uatis</span> <span class='ocrx_word' id='word_1_59' title='bbox 475 1629 769 1727; x_wconf 84' lang='lat' dir='ltr'>opprimencium</span> <span class='ocrx_word' id='word_1_60' title='bbox 793 1627 828 1701; x_wconf 77' lang='lat' dir='ltr'>dc</span> <span class='ocrx_word' id='word_1_61' title='bbox 851 1627 974 1723; x_wconf 88' lang='lat' dir='ltr'>inique</span> <span class='ocrx_word' id='word_1_62' title='bbox 996 1640 1234 1729; x_wconf 79' lang='lat' dir='ltr'>gravuncium</span> <span class='ocrx_word' id='word_1_63' title='bbox 1262 1666 1326 1719; x_wconf 90' lang='lat' dir='ltr'>nos</span> <span class='ocrx_word' id='word_1_64' title='bbox 1345 1648 1382 1724; x_wconf 74' lang='lat' dir='ltr'>dt</span> 
     </span>
     <span class='ocr_line' id='line_1_11' title="bbox 355 1742 1377 1849; baseline 0.011 -28"><span class='ocrx_word' id='word_1_65' title='bbox 355 1745 524 1825; x_wconf 76' lang='lat' dir='ltr'>eeclesias</span> <span class='ocrx_word' id='word_1_66' title='bbox 539 1744 678 1819; x_wconf 83' lang='lat' dir='ltr'>nostras</span> <span class='ocrx_word' id='word_1_67' title='bbox 694 1743 731 1820; x_wconf 87' lang='lat' dir='ltr'>in</span> <span class='ocrx_word' id='word_1_68' title='bbox 752 1742 822 1818; x_wconf 88' lang='lat' dir='ltr'>suis</span> <span class='ocrx_word' id='word_1_69' title='bbox 846 1743 1077 1823; x_wconf 80' lang='lat' dir='ltr'>libertatibus</span> <span class='ocrx_word' id='word_1_70' title='bbox 1101 1748 1212 1827; x_wconf 89' lang='lat' dir='ltr'>rebus</span> <span class='ocrx_word' id='word_1_71' title='bbox 1235 1748 1377 1849; x_wconf 84' lang='lat' dir='ltr'>juribus</span> 
     </span>
     <span class='ocr_line' id='line_1_12' title="bbox 346 1858 1377 1963; baseline 0.011 -28"><span class='ocrx_word' id='word_1_72' title='bbox 346 1860 385 1935; x_wconf 77' lang='lat' dir='ltr'>dr</span> <span class='ocrx_word' id='word_1_73' title='bbox 396 1858 788 1937; x_wconf 85' lang='lat' dir='ltr'>honorecommuniter</span> <span class='ocrx_word' id='word_1_74' title='bbox 802 1873 868 1932; x_wconf 87' lang='lat' dir='ltr'>aut</span> <span class='ocrx_word' id='word_1_75' title='bbox 878 1859 1019 1936; x_wconf 85' lang='lat' dir='ltr'>dioifim</span> <span class='ocrx_word' id='word_1_76' title='bbox 1031 1859 1184 1941; x_wconf 84' lang='lat' dir='ltr'>obviare</span> <span class='ocrx_word' id='word_1_77' title='bbox 1200 1868 1377 1963; x_wconf 39' lang='lat' dir='ltr'>pommus*</span> 
     </span>
     <span class='ocr_line' id='line_1_13' title="bbox 349 1977 1375 2084; baseline 0 -27"><span class='ocrx_word' id='word_1_78' title='bbox 349 1982 389 2057; x_wconf 81' lang='lat' dir='ltr'>dc</span> <span class='ocrx_word' id='word_1_79' title='bbox 405 1980 565 2059; x_wconf 77' lang='lat' dir='ltr'>resistere</span> <span class='ocrx_word' id='word_1_80' title='bbox 579 1978 828 2075; x_wconf 85' lang='lat' dir='ltr'>promittimus</span> <span class='ocrx_word' id='word_1_81' title='bbox 839 1977 1095 2057; x_wconf 88' lang='lat' dir='ltr'>universaliter</span> <span class='ocrx_word' id='word_1_82' title='bbox 1109 1982 1289 2084; x_wconf 71' lang='lat' dir='ltr'>singoli&amp;</span> <span class='ocrx_word' id='word_1_83' title='bbox 1305 1991 1375 2067; x_wconf 85' lang='lat' dir='ltr'>lin.</span> 
     </span>
     <span class='ocr_line' id='line_1_14' title="bbox 317 2089 1374 2200; baseline 0.009 -29"><span class='ocrx_word' id='word_1_84' title='bbox 317 2089 319 2093; x_wconf 72' lang='grc'><strong>’</strong></span> <span class='ocrx_word' id='word_1_85' title='bbox 347 2094 532 2199; x_wconf 88' lang='lat' dir='ltr'>gulariter</span> <span class='ocrx_word' id='word_1_86' title='bbox 543 2090 705 2178; x_wconf 80' lang='lat' dir='ltr'>universi</span> <span class='ocrx_word' id='word_1_87' title='bbox 724 2091 795 2167; x_wconf 85' lang='lat' dir='ltr'>lide</span> <span class='ocrx_word' id='word_1_88' title='bbox 808 2094 994 2188; x_wconf 89' lang='lat' dir='ltr'>corporali</span> <span class='ocrx_word' id='word_1_89' title='bbox 1011 2089 1160 2190; x_wconf 84' lang='lat' dir='ltr'>prestita</span> <span class='ocrx_word' id='word_1_90' title='bbox 1177 2099 1258 2176; x_wconf 91' lang='lat' dir='ltr'>loco</span> <span class='ocrx_word' id='word_1_91' title='bbox 1272 2099 1374 2200; x_wconf 86' lang='lat' dir='ltr'>jura-</span> 
     </span>
     <span class='ocr_line' id='line_1_15' title="bbox 347 2210 1375 2311; baseline 0.009 -20"><span class='ocrx_word' id='word_1_92' title='bbox 347 2214 464 2292; x_wconf 86' lang='lat' dir='ltr'>menti</span> <span class='ocrx_word' id='word_1_93' title='bbox 517 2215 557 2289; x_wconf 91' lang='lat' dir='ltr'>ln</span> <span class='ocrx_word' id='word_1_94' title='bbox 573 2213 710 2287; x_wconf 90' lang='lat' dir='ltr'>nullius</span> <span class='ocrx_word' id='word_1_95' title='bbox 724 2211 954 2307; x_wconf 82' lang='lat' dir='ltr'>prelatorum</span> <span class='ocrx_word' id='word_1_96' title='bbox 976 2227 1040 2285; x_wconf 85' lang='lat' dir='ltr'>aut</span> <span class='ocrx_word' id='word_1_97' title='bbox 1059 2210 1288 2311; x_wconf 87' lang='lat' dir='ltr'>superiorum</span> <span class='ocrx_word' id='word_1_98' title='bbox 1308 2246 1375 2299; x_wconf 90' lang='lat' dir='ltr'>no·</span> 
     </span>
     <span class='ocr_line' id='line_1_16' title="bbox 345 2328 1371 2431; baseline 0.007 -16"><span class='ocrx_word' id='word_1_99' title='bbox 345 2338 584 2415; x_wconf 85' lang='lat' dir='ltr'>strorumnec</span> <span class='ocrx_word' id='word_1_100' title='bbox 601 2332 813 2431; x_wconf 85' lang='lat' dir='ltr'>cujusquam</span> <span class='ocrx_word' id='word_1_101' title='bbox 823 2329 973 2405; x_wconf 88' lang='lat' dir='ltr'>alterius</span> <span class='ocrx_word' id='word_1_102' title='bbox 984 2328 1151 2426; x_wconf 84' lang='lat' dir='ltr'>injuriam</span> <span class='ocrx_word' id='word_1_103' title='bbox 1161 2337 1371 2422; x_wconf 81' lang='lat' dir='ltr'>irreveren-</span> 
     </span>
    </p>
   </div>
   <div class='ocr_carea' id='block_1_3' title="bbox 338 2445 1384 3490">
    <p class='ocr_par' dir='ltr' id='par_1_3' title="bbox 338 2445 1384 3490">
     <span class='ocr_line' id='line_1_17' title="bbox 344 2445 1371 2555; baseline 0.012 -17"><span class='ocrx_word' id='word_1_104' title='bbox 344 2462 437 2539; x_wconf 86' lang='lat' dir='ltr'>tiam</span> <span class='ocrx_word' id='word_1_105' title='bbox 462 2458 524 2536; x_wconf 86' lang='lat' dir='ltr'>seu</span> <span class='ocrx_word' id='word_1_106' title='bbox 550 2455 645 2554; x_wconf 79' lang='lat' dir='ltr'>juris.</span> <span class='ocrx_word' id='word_1_107' title='bbox 670 2454 951 2555; x_wconf 82' lang='lat' dir='ltr'>derogationem</span> <span class='ocrx_word' id='word_1_108' title='bbox 966 2445 1047 2531; x_wconf 77' lang='lat' dir='ltr'>¹‘nec</span> <span class='ocrx_word' id='word_1_109' title='bbox 1081 2456 1285 2543; x_wconf 86' lang='lat' dir='ltr'>intencione</span> <span class='ocrx_word' id='word_1_110' title='bbox 1305 2489 1371 2551; x_wconf 91' lang='lat' dir='ltr'>aut</span> 
     </span>
     <span class='ocr_line' id='line_1_18' title="bbox 341 2565 1369 2671; baseline 0.003 -12"><span class='ocrx_word' id='word_1_111' title='bbox 341 2581 468 2661; x_wconf 85' lang='lat' dir='ltr'>animo</span> <span class='ocrx_word' id='word_1_112' title='bbox 501 2570 733 2671; x_wconf 85' lang='lat' dir='ltr'>conspirandi</span> <span class='ocrx_word' id='word_1_113' title='bbox 755 2565 816 2644; x_wconf 87' lang='lat' dir='ltr'>sed</span> <span class='ocrx_word' id='word_1_114' title='bbox 835 2584 876 2641; x_wconf 95' lang='lat' dir='ltr'>ut</span> <span class='ocrx_word' id='word_1_115' title='bbox 902 2565 984 2667; x_wconf 87' lang='lat' dir='ltr'>jura</span> <span class='ocrx_word' id='word_1_116' title='bbox 1019 2571 1136 2647; x_wconf 74' lang='lat' dir='ltr'>resdc</span> <span class='ocrx_word' id='word_1_117' title='bbox 1179 2578 1369 2663; x_wconf 78' lang='lat' dir='ltr'>libertates</span> 
     </span>
     <span class='ocr_line' id='line_1_19' title="bbox 342 2680 1367 2795; baseline 0.002 -24"><span class='ocrx_word' id='word_1_118' title='bbox 342 2691 584 2795; x_wconf 87' lang='lat' dir='ltr'>personarum</span> <span class='ocrx_word' id='word_1_119' title='bbox 607 2687 644 2762; x_wconf 75' lang='lat' dir='ltr'>dc</span> <span class='ocrx_word' id='word_1_120' title='bbox 664 2680 893 2759; x_wconf 78' lang='lat' dir='ltr'>ecclesiarum</span> <span class='ocrx_word' id='word_1_121' title='bbox 917 2684 1119 2761; x_wconf 83' lang='lat' dir='ltr'>nostrarum</span> <span class='ocrx_word' id='word_1_122' title='bbox 1140 2687 1177 2765; x_wconf 91' lang='lat' dir='ltr'>in</span> <span class='ocrx_word' id='word_1_123' title='bbox 1197 2693 1288 2770; x_wconf 86' lang='lat' dir='ltr'>statu</span> <span class='ocrx_word' id='word_1_124' title='bbox 1304 2700 1367 2774; x_wconf 89' lang='lat' dir='ltr'>da-</span> 
     </span>
     <span class='ocr_line' id='line_1_20' title="bbox 341 2796 1377 2908; baseline -0.004 -19"><span class='ocrx_word' id='word_1_125' title='bbox 341 2813 424 2889; x_wconf 92' lang='lat' dir='ltr'>bito</span> <span class='ocrx_word' id='word_1_126' title='bbox 442 2804 731 2895; x_wconf 68' lang='lat' dir='ltr'>conserventur,</span> <span class='ocrx_word' id='word_1_127' title='bbox 755 2796 896 2896; x_wconf 79' lang='lat' dir='ltr'>quodsi</span> <span class='ocrx_word' id='word_1_128' title='bbox 918 2819 986 2893; x_wconf 87' lang='lat' dir='ltr'>per</span> <span class='ocrx_word' id='word_1_129' title='bbox 1010 2821 1230 2899; x_wconf 84' lang='lat' dir='ltr'>quemquam</span> <span class='ocrx_word' id='word_1_130' title='bbox 1246 2797 1377 2908; x_wconf 47' lang='lat' dir='ltr'>cujus?</span> 
     </span>
     <span class='ocr_line' id='line_1_21' title="bbox 340 2914 1367 3027; baseline -0.009 -22"><span class='ocrx_word' id='word_1_131' title='bbox 340 2946 502 3020; x_wconf 82' lang='lat' dir='ltr'>cumque</span> <span class='ocrx_word' id='word_1_132' title='bbox 524 2914 769 3017; x_wconf 84' lang='lat' dir='ltr'>premineneie</span> <span class='ocrx_word' id='word_1_133' title='bbox 785 2914 893 2988; x_wconf 80' lang='lat' dir='ltr'>status</span> <span class='ocrx_word' id='word_1_134' title='bbox 914 2914 1223 2995; x_wconf 86' lang='lat' dir='ltr'>condicionis-seu</span> <span class='ocrx_word' id='word_1_135' title='bbox 1247 2926 1367 3027; x_wconf 83' lang='lat' dir='ltr'>digni.</span> 
     </span>
     <span class='ocr_line' id='line_1_22' title="bbox 341 3030 1366 3135; baseline -0.009 -13"><span class='ocrx_word' id='word_1_136' title='bbox 341 3043 430 3122; x_wconf 85' lang='lat' dir='ltr'>tatis</span> <span class='ocrx_word' id='word_1_137' title='bbox 456 3039 634 3118; x_wconf 85' lang='lat' dir='ltr'>exstiterit</span> <span class='ocrx_word' id='word_1_138' title='bbox 659 3035 735 3111; x_wconf 76' lang='lat' dir='ltr'>slve</span> <span class='ocrx_word' id='word_1_139' title='bbox 758 3053 828 3128; x_wconf 91' lang='lat' dir='ltr'>per</span> <span class='ocrx_word' id='word_1_140' title='bbox 860 3030 1134 3112; x_wconf 83' lang='lat' dir='ltr'>univarfitatem</span> <span class='ocrx_word' id='word_1_141' title='bbox 1157 3043 1224 3135; x_wconf 35' lang='lat' dir='ltr'>,vel</span> <span class='ocrx_word' id='word_1_142' title='bbox 1252 3050 1366 3125; x_wconf 88' lang='lat' dir='ltr'>colle.·</span> 
     </span>
     <span class='ocr_line' id='line_1_23' title="bbox 340 3148 1378 3267; baseline 0.001 -28"><span class='ocrx_word' id='word_1_143' title='bbox 340 3165 446 3267; x_wconf 81' lang='lat' dir='ltr'>glum</span> <span class='ocrx_word' id='word_1_144' title='bbox 475 3162 600 3255; x_wconf 84' lang='lat' dir='ltr'>aliqua</span> <span class='ocrx_word' id='word_1_145' title='bbox 626 3178 649 3231; x_wconf 88' lang='lat' dir='ltr'>a</span> <span class='ocrx_word' id='word_1_146' title='bbox 679 3152 784 3230; x_wconf 88' lang='lat' dir='ltr'>nobis</span> <span class='ocrx_word' id='word_1_147' title='bbox 810 3148 871 3226; x_wconf 89' lang='lat' dir='ltr'>seu</span> <span class='ocrx_word' id='word_1_148' title='bbox 901 3151 1030 3228; x_wconf 87' lang='lat' dir='ltr'>nostris</span> <span class='ocrx_word' id='word_1_149' title='bbox 1061 3156 1217 3257; x_wconf 80' lang='lat' dir='ltr'>ecclessjs</span> <span class='ocrx_word' id='word_1_150' title='bbox 1238 3175 1378 3246; x_wconf 55' lang='lat' dir='ltr'>contra*</span> 
     </span>
     <span class='ocr_line' id='line_1_24' title="bbox 339 3274 1384 3387; baseline 0.007 -27"><span class='ocrx_word' id='word_1_151' title='bbox 339 3281 520 3387; x_wconf 72' lang='lat' dir='ltr'>iusticiam</span> <span class='ocrx_word' id='word_1_152' title='bbox 535 3278 706 3379; x_wconf 80' lang='lat' dir='ltr'>exigatur</span> <span class='ocrx_word' id='word_1_153' title='bbox 727 3274 850 3373; x_wconf 86' lang='lat' dir='ltr'>quein</span> <span class='ocrx_word' id='word_1_154' title='bbox 868 3274 1028 3350; x_wconf 89' lang='lat' dir='ltr'>nostrum</span> <span class='ocrx_word' id='word_1_155' title='bbox 1053 3277 1113 3350; x_wconf 92' lang='lat' dir='ltr'>vel</span> <span class='ocrx_word' id='word_1_156' title='bbox 1132 3275 1363 3367; x_wconf 76' lang='lat' dir='ltr'>ecclesiarum</span> <span class='ocrx_word' id='word_1_157' title='bbox 1379 3306 1384 3384; x_wconf 74' lang='lat' dir='ltr'>J</span> 
     </span>
     <span class='ocr_line' id='line_1_25' title="bbox 338 3387 1378 3490; baseline 0.001 -15"><span class='ocrx_word' id='word_1_158' title='bbox 338 3398 548 3476; x_wconf 72' lang='lat' dir='ltr'>nostrarum</span> <span class='ocrx_word' id='word_1_159' title='bbox 565 3389 787 3490; x_wconf 73' lang='lat' dir='ltr'>conjunblirn</span> <span class='ocrx_word' id='word_1_160' title='bbox 815 3389 874 3461; x_wconf 88' lang='lat' dir='ltr'>vel</span> <span class='ocrx_word' id='word_1_161' title='bbox 902 3387 1044 3464; x_wconf 83' lang='lat' dir='ltr'>divinm</span> <span class='ocrx_word' id='word_1_162' title='bbox 1079 3390 1277 3487; x_wconf 90' lang='lat' dir='ltr'>dampnum</span> <span class='ocrx_word' id='word_1_163' title='bbox 1300 3394 1378 3476; x_wconf 73' lang='lat' dir='ltr'>ce·¹</span> 
     </span>
    </p>
   </div>
   <div class='ocr_carea' id='block_1_4' title="bbox 335 3502 1379 3714">
    <p class='ocr_par' dir='ltr' id='par_1_4' title="bbox 335 3502 1379 3714">
     <span class='ocr_line' id='line_1_26' title="bbox 336 3502 1374 3617; baseline -0.003 -30"><span class='ocrx_word' id='word_1_164' title='bbox 336 3513 429 3587; x_wconf 85' lang='lat' dir='ltr'>dant</span> <span class='ocrx_word' id='word_1_165' title='bbox 449 3508 693 3605; x_wconf 82' lang='lat' dir='ltr'>prejudicium</span> <span class='ocrx_word' id='word_1_166' title='bbox 718 3502 776 3577; x_wconf 89' lang='lat' dir='ltr'>vel</span> <span class='ocrx_word' id='word_1_167' title='bbox 803 3520 1004 3599; x_wconf 79' lang='lat' dir='ltr'>gravamen</span> <span class='ocrx_word' id='word_1_168' title='bbox 1023 3502 1082 3575; x_wconf 85' lang='lat' dir='ltr'>vel</span> <span class='ocrx_word' id='word_1_169' title='bbox 1108 3503 1374 3617; x_wconf 61' lang='lat' dir='ltr'>impericibneg&#39;</span> 
     </span>
     <span class='ocr_line' id='line_1_27' title="bbox 335 3611 1379 3714; baseline -0.004 -16"><span class='ocrx_word' id='word_1_170' title='bbox 335 3617 490 3699; x_wconf 87' lang='lat' dir='ltr'>onerose</span> <span class='ocrx_word' id='word_1_171' title='bbox 506 3616 753 3695; x_wconf 85' lang='lat' dir='ltr'>infestaciones</span> <span class='ocrx_word' id='word_1_172' title='bbox 770 3611 831 3688; x_wconf 91' lang='lat' dir='ltr'>scu</span> <span class='ocrx_word' id='word_1_173' title='bbox 848 3614 1116 3689; x_wconf 88' lang='lat' dir='ltr'>molestaciones</span> <span class='ocrx_word' id='word_1_174' title='bbox 1138 3614 1242 3690; x_wconf 89' lang='lat' dir='ltr'>nobis</span> <span class='ocrx_word' id='word_1_175' title='bbox 1262 3618 1358 3714; x_wconf 84' lang='lat' dir='ltr'>inju-</span> <span class='ocrx_word' id='word_1_176' title='bbox 1377 3621 1379 3628; x_wconf 83' lang='grc'><strong>’</strong></span> 
     </span>
    </p>
   </div>
   <div class='ocr_carea' id='block_1_5' title="bbox 326 3723 1388 4172">
    <p class='ocr_par' dir='ltr' id='par_1_5' title="bbox 326 3723 1388 4172">
     <span class='ocr_line' id='line_1_28' title="bbox 332 3723 1371 3832; baseline -0.018 -17"><span class='ocrx_word' id='word_1_177' title='bbox 332 3733 647 3815; x_wconf 80' lang='lat' dir='ltr'>rioseinferantur</span> <span class='ocrx_word' id='word_1_178' title='bbox 661 3732 759 3829; x_wconf 92' lang='lat' dir='ltr'>quod</span> <span class='ocrx_word' id='word_1_179' title='bbox 769 3723 903 3804; x_wconf 84' lang='lat' dir='ltr'>mutuis</span> <span class='ocrx_word' id='word_1_180' title='bbox 913 3728 1068 3824; x_wconf 87' lang='lat' dir='ltr'>conlilijs</span> <span class='ocrx_word' id='word_1_181' title='bbox 1083 3730 1225 3825; x_wconf 77' lang='lat' dir='ltr'>auxiliis</span> <span class='ocrx_word' id='word_1_182' title='bbox 1236 3729 1371 3832; x_wconf 57' lang='lat' dir='ltr'>desen.1</span> 
     </span>
     <span class='ocr_line' id='line_1_29' title="bbox 330 3842 1356 3942; baseline -0.009 -10"><span class='ocrx_word' id='word_1_183' title='bbox 330 3852 497 3932; x_wconf 84' lang='lat' dir='ltr'>stonibus</span> <span class='ocrx_word' id='word_1_184' title='bbox 512 3847 832 3942; x_wconf 75' lang='lat' dir='ltr'>&amp;necessariarum</span> <span class='ocrx_word' id='word_1_185' title='bbox 850 3842 1090 3939; x_wconf 82' lang='lat' dir='ltr'>expensarum</span> <span class='ocrx_word' id='word_1_186' title='bbox 1109 3843 1356 3923; x_wconf 88' lang='lat' dir='ltr'>contribucio-</span> 
     </span>
     <span class='ocr_line' id='line_1_30' title="bbox 328 3953 1388 4062; baseline -0.01 -18"><span class='ocrx_word' id='word_1_187' title='bbox 328 3965 443 4045; x_wconf 86' lang='lat' dir='ltr'>nibus</span> <span class='ocrx_word' id='word_1_188' title='bbox 459 3958 564 4039; x_wconf 87' lang='lat' dir='ltr'>nobis</span> <span class='ocrx_word' id='word_1_189' title='bbox 573 3963 731 4038; x_wconf 87' lang='lat' dir='ltr'>invicem</span> <span class='ocrx_word' id='word_1_190' title='bbox 745 3953 1355 4058; x_wconf 74' lang='lat' dir='ltr'>indissolubiliter&amp;irrefragabili·</span> <span class='ocrx_word' id='word_1_191' title='bbox 1384 4049 1388 4062; x_wconf 22' lang='grc' dir='ltr'>ἱ</span> 
     </span>
     <span class='ocr_line' id='line_1_31' title="bbox 326 4066 1355 4172; baseline -0.011 -15"><span class='ocrx_word' id='word_1_192' title='bbox 326 4066 880 4172; x_wconf 79' lang='lat' dir='ltr'>teuaffistamus,quas:expensas</span> <span class='ocrx_word' id='word_1_193' title='bbox 892 4067 1053 4165; x_wconf 85' lang='lat' dir='ltr'>quelibet</span> <span class='ocrx_word' id='word_1_194' title='bbox 1064 4067 1209 4145; x_wconf 83' lang='lat' dir='ltr'>ecclefia</span> <span class='ocrx_word' id='word_1_195' title='bbox 1224 4069 1259 4144; x_wconf 90' lang='lat' dir='ltr'>in</span> <span class='ocrx_word' id='word_1_196' title='bbox 1269 4093 1355 4147; x_wconf 87' lang='lat' dir='ltr'>con·</span> 
     </span>
    </p>
   </div>
   <div class='ocr_carea' id='block_1_6' title="bbox 324 4181 1352 4380">
    <p class='ocr_par' dir='ltr' id='par_1_6' title="bbox 324 4181 1352 4380">
     <span class='ocr_line' id='line_1_32' title="bbox 324 4181 1352 4372; baseline -0.013 -95"><span class='ocrx_word' id='word_1_197' title='bbox 324 4191 542 4277; x_wconf 70' lang='lat' dir='ltr'>albucione</span> <span class='ocrx_word' id='word_1_198' title='bbox 564 4188 771 4293; x_wconf 84' lang='lat' dir='ltr'>hujusmodi</span> <span class='ocrx_word' id='word_1_199' title='bbox 787 4184 954 4372; x_wconf 71' lang='lat' dir='ltr'>solzvetdc</span> <span class='ocrx_word' id='word_1_200' title='bbox 971 4186 1071 4263; x_wconf 82' lang='lat' dir='ltr'>dubit</span> <span class='ocrx_word' id='word_1_201' title='bbox 1078 4184 1181 4283; x_wconf 80' lang='lat' dir='ltr'>juxta</span> <span class='ocrx_word' id='word_1_202' title='bbox 1205 4181 1352 4265; x_wconf 88' lang='lat' dir='ltr'>suarum</span> 
     </span>
     <span class='ocr_line' id='line_1_33' title="bbox 396 4319 1300 4380; baseline -0.011 6"><span class='ocrx_word' id='word_1_203' title='bbox 396 4349 401 4358; x_wconf 95' lang='lat'>·</span> <span class='ocrx_word' id='word_1_204' title='bbox 510 4345 512 4349; x_wconf 93' lang='lat'>·</span> <span class='ocrx_word' id='word_1_205' title='bbox 883 4320 906 4380; x_wconf 80' lang='lat'><em>2</em></span> <span class='ocrx_word' id='word_1_206' title='bbox 1243 4319 1300 4378; x_wconf 86' lang='lat' dir='ltr'>ra·</span> 
     </span>
    </p>
   </div>
   <div class='ocr_carea' id='block_1_7' title="bbox 558 4478 816 4538">
    <p class='ocr_par' dir='ltr' id='par_1_7' title="bbox 558 4478 816 4538">
     <span class='ocr_line' id='line_1_34' title="bbox 558 4478 816 4538; baseline -0.012 -11"><span class='ocrx_word' id='word_1_207' title='bbox 558 4478 816 4538; x_wconf 69' lang='grc' dir='ltr'>ς’..ι</span> 
     </span>
    </p>
   </div>
   <div class='ocr_carea' id='block_1_8' title="bbox 0 0 1710 5117">
    <p class='ocr_par' dir='ltr' id='par_1_8' title="bbox 0 0 1710 5117">
     <span class='ocr_line' id='line_1_35' title="bbox 0 0 1710 5117; baseline 0 14"><span class='ocrx_word' id='word_1_208' title='bbox 0 0 1710 5117; x_wconf 95' lang='lat' dir='ltr'> </span> 
     </span>
    </p>
   </div>
  </div>
 </body>
</html>
