3409 5117
701 537 974 601 *W
1115 636 1118 643 Ι
1259 486 1342 637 ω
1438 541 1462 626 Ἰ

346 689 509 789 maneat
533 690 594 770 sed
613 697 739 793 pocius
757 694 921 789 officium
936 698 1038 785 suum
1063 714 1207 781 mature
1225 705 1379 803 diligen·

346 820 408 884 tet
425 809 459 884 uz
476 827 517 883 ut
536 810 644 886 debet
657 812 792 886 devote
809 812 990 907 perficiat,
1016 840 1059 893 ea
1076 823 1147 914 que
1164 819 1380 914 iuterpran·

346 926 508 1001 deodum
526 924 643 1002 sumat
664 922 875 1001 materne&
898 931 1140 1009 amicabiliter
1151 953 1233 1009 eum
1248 930 1376 1006 couvi·
1464 920 1466 929 '

344 1044 406 1114 uis
424 1037 460 1114 se
474 1041 630 1135 habeat,
670 1038 838 1114 omnibus
855 1041 969 1135 profit
991 1046 1082 1122 nulii
1103 1067 1193 1121 vero
1218 1042 1311 1119 obsit
1335 1056 1379 1120 ut

345 1148 397 1229 fic
419 1152 567 1229 honesta
588 1151 651 1230 sue
670 1152 945 1234 conversatione
966 1160 1001 1235 u
1026 1161 1103 1234 vita
1127 1161 1376 1255 exemplarem

346 1260 386 1340 se
403 1265 501 1340 iaieis
516 1263 626 1342 faeiat
641 1267 789 1342 honesta
803 1267 880 1342 vite
898 1266 926 1344 st
945 1291 1018 1345 non
1037 1272 1230 1348 veritatem
1254 1287 1292 1343 at
1310 1268 1378 1348 sal·

343 1387 422 1455 tem
440 1376 590 1474 speeiem
603 1380 780 1476 preferat,
797 1381 964 1474 quamvis
981 1382 1077 1459 enim
1096 1381 1375 1483 hypocrifione·

345 1513 421 1587 qpe
437 1490 473 1567 in
491 1481 678 1569 monachis
693 1513 812 1589 neque
833 1491 870 1567 in
887 1496 987 1571 ciero
1010 1495 1201 1572 laudemus
1220 1510 1378 1592 propter

343 1602 462 1680 laicos
485 1618 613 1679 tameo
624 1605 753 1706 utilius
778 1608 829 1706 eii
857 1606 954 1684 vicia
975 1607 1000 1684 st
1022 1630 1092 1705 que
1114 1608 1376 1683 committimus
1436 1657 1440 1676 ι

347 1712 535 1788 occultare
554 1726 595 1785 ut
623 1707 671 1788 'ab
695 1714 774 1811 aiijs
795 1739 869 1793 non
899 1714 1063 1793 sumatur
1082 1716 1247 1793 imitandi
1271 1737 1376 1793 oeca-

346 1825 418 1919 sio‚
443 1825 505 1921 qui
539 1824 660 1921 potius
683 1829 730 1901 ad
760 1847 874 1924 opera
897 1831 1019 1906 nostra
1042 1826 1241 1925 respiciunt
1265 1839 1377 1927 quam

342 1947 394 2023 ad
418 1941 682 2038 meditationes
709 1942 773 2040 qui
798 1945 845 2018 ad
873 1942 1096 2044 sequendum
1122 1948 1260 2036 malum
1285 1966 1374 2043 pro·

342 2058 469 2133 niores
508 2051 590 2145 sunt
621 2076 732 2153 quam
769 2058 816 2131 ad
850 2053 1059 2134 discendum
1097 2055 1273 2151 booums
1304 2060 1373 2136 ita·

343 2193 419 2268 que
436 2168 472 2244 io
487 2167 627 2243 summa
645 2163 757 2242 sciant
780 2166 991 2244 universi&
1017 2167 1148 2270 finguli
1165 2170 1203 2245 io
1225 2166 1373 2280 presen3

340 2289 397 2366 tia
412 2309 476 2366 nos
494 2284 673 2381 potiffime
699 2284 840 2360 cletum
862 2286 1023 2361 nostrum
1046 2282 1199 2361 voluisse
1215 2284 1375 2380 hortari,

339 2423 386 2486 ut
403 2405 451 2479 ab
465 2401 632 2477 omuibus
649 2422 719 2497 que
733 2397 888 2496 speciem
905 2402 993 2477 maii
1007 2401 1045 2483 iu
1062 2396 1098 2504 se
1122 2397 1375 2498 complectun-

340 2535 408 2597 tur
431 2543 501 2617 que
526 2516 743 2595 Scaodalum
773 2520 913 2615 populo
933 2517 1090 2615 prebent
1103 2539 1246 2616 queque
1271 2520 1374 2599 laicis

339 2660 409 2718 nos
437 2636 595 2713 maxime
620 2632 773 2712 odiosos>
791 2637 952 2724 reddunt
985 2636 1132 2715 omnino
1159 2633 1373 2711 abstineant.

339 2745 668 2850 certificantesiite.
716 2749 855 2836 Datum
875 2751 912 2826 in
927 2749 1077 2827 civitate
1089 2748 1210 2826 nostra
1223 2747 1374 2846 spirensi

337 2863 436 2943 feria
450 2879 580 2963 quarta
594 2861 917 2960 postDomioieam
938 2865 1050 2974 Qafi
1063 2869 1159 2942 modo
1173 2864 1372 2959 amitien-

328 2984 390 3059 'nu
405 2982 555 3059 Domini
570 2978 770 3057 Miliefimo
783 2984 1074 3084 quingentesimo
1092 2979 1261 3059 secundo.
1364 2985 1369 2999 ¹

610 3246 625 3295 ²
682 3270 1027 3424 uxxxvm.

452 3471 638 3582 Muttini,
665 3543 667 3547 -
696 3476 1040 3607 Qingeotefimo
1058 3473 1260 3566 secundo.
1343 3501 1354 3508 ’·

338 3640 588 3820 Luduvicus
611 3641 683 3720 Dei
706 3642 829 3745 gratia
850 3640 1048 3740 Episcopus
1072 3638 1237 3738 spitenfis
1258 3658 1370 3718 vene·

434 3754 613 3834 rabilibus
624 3755 691 3835 ize.
724 3755 816 3836 Sane
830 3761 955 3860 itaque
965 3750 1086 3835 nostro
1096 3752 1302 3832 satisfacere
1312 3752 1369 3829 vi·

327 3874 474 3951 demur
490 3871 609 3950 officio
627 3872 818 3975 sigregem
826 3869 1370 3952 Dootioicumnobisereditum
1473 3929 1474 3934 a

333 4006 454 4091 prout
469 3990 581 4066 nostri
600 3985 709 4089 officij
729 3990 932 4085 expostulat
946 3988 1146 4081 institutio,
1171 3985 1261 4063 cuia
1283 3987 1374 4082 per·‘

332 4100 448 4205 vigili
475 4102 664 4203 studioque
683 4097 858 4180 indefesso
886 4098 1069 4200 pascentes
1097 4122 1119 4176 a
1144 4098 1370 4197 pravisquia

333 4215 469 4301 bustis
485 4220 644 4299 arcendo
663 4221 710 4299 ad
728 4218 821 4301 bene
836 4219 1016 4316 beateque
1033 4216 1183 4295 vivendi
1201 4234 1371 4296 normam

821 4336 856 4416 U
883 4356 903 4434 i
1261 4352 1321 4417 re·
