3409 5117
469 551 541 671 342
792 574 1062 636 mm

421 762 469 821 ne
485 735 668 815 retectum
682 734 881 813 dummodo
898 754 970 808 non
986 732 1176 810 nominent
1191 748 1259 810 aut
1282 735 1438 811 revelent
1475 771 1480 906 1

396 939 399 946 ,
419 876 666 962 peecatorem,
690 854 810 953 stoque
825 852 1072 951 sepenumero
1090 855 1125 930 in
1142 856 1312 931 cancellis
1327 854 1439 952 publi·

422 1005 464 1062 ce
488 974 709 1075 predicando
729 972 851 1048 dicam
873 968 1109 1068 &exponent
1127 971 1208 1069 ipos
1226 975 1273 1048 de
1292 975 1366 1051 hoc
1389 974 1442 1049 vel

420 1090 659 1171 aliocrimine
679 1087 792 1164 eciam
813 1087 996 1164 interdum
1011 1086 1161 1183 pessimo
1174 1087 1211 1163 dr
1235 1089 1442 1191 gravissimo

420 1231 490 1309 per
505 1207 603 1307 quod
618 1217 696 1280 tota
712 1203 952 1279 communitas
974 1201 1010 1277 dr
1032 1204 1168 1282 vicinia
1193 1206 1388 1306 deturpari
1406 1226 1444 1279 ac

419 1329 588 1438 ¹homines
602 1326 639 1401 in
655 1323 808 1401 finistras
837 1323 920 1399 duci
942 1318 1082 1422 possent
1110 1324 1330 1423 suspiciones
1354 1331 1444 1405 alter

422 1455 468 1533 de
490 1453 605 1528 altero
629 1469 696 1546 per
719 1444 946 1547 conjedluras
972 1445 1007 1523 dr
1029 1448 1364 1531 verifimilitudines
1382 1473 1442 1528 au-

421 1572 613 1666 tumando,
636 1567 831 1665 aliquando
852 1567 965 1643 eciam
991 1565 1102 1666 iidem
1123 1568 1329 1651 sacerdotes
1351 1575 1443 1650 inter

421 1687 459 1769 se
477 1688 510 1761 dc
528 1688 566 1763 in
583 1681 762 1781 convivle
787 1682 820 1756 dc
844 1681 1040 1779 aliqnando
1064 1689 1161 1783 quod
1184 1688 1443 1767 detestabililsr·

419 1834 523 1892 mum
540 1808 589 1883 est
605 1825 728 1881 coram
748 1804 847 1881 laicis
865 1802 928 1878 ubi
949 1805 1048 1881 nulla
1071 1806 1231 1906 exposcit
1261 1811 1442 1890 neceffitas

419 1931 521 2010 nulla
537 1922 849 2024 sequiturutilitas
873 1920 1063 2020 nullusque
1080 1925 1164 2001 inde
1187 1925 1332 2004 fructus
1360 1934 1442 2034 quin
1480 2007 1482 2016 ,

420 2062 546 2144 ymmo
565 2034 789 2132 vituperium
806 2034 965 2110 humane
982 2036 1197 2111 conditionis
1215 2037 1441 2143 &fragilita
1478 2033 1482 2122 l

420 2158 466 2233 tis
482 2177 525 2230 ac
546 2146 756 2249 denigracio
780 2147 888 2222 ssatus
914 2145 1011 2222 illius
1038 2150 1097 2224 vel
1118 2149 1269 2227 alterius
1295 2167 1371 2231 tarn
1388 2181 1442 2234 ec·

419 2268 602 2350 clesastici
621 2286 729 2362 quam
755 2259 923 2339 secularis
943 2280 1016 2339 tam
1040 2265 1210 2342 virorum
1232 2290 1342 2364 quam
1366 2296 1440 2351 mo·
1480 2317 1482 2354 ;

418 2390 552 2467 lierum
566 2383 601 2460 <sc
617 2381 833 2480 quandoque
848 2378 1035 2480 virginum
1051 2377 1151 2478 sequi
1162 2382 1206 2456 d
1220 2385 1312 2475 oriri
1328 2381 1441 2486 potest
1479 2365 1482 2422 Ἴ

416 2505 456 2581 in
475 2500 543 2575 hec
559 2497 619 2569 vel
636 2492 761 2569 nmilia
775 2500 1021 2587 prorumpunt
1038 2494 1153 2569 verba
1170 2496 1347 2590 dicentes,
1365 2507 1438 2599 qui·

418 2619 501 2692 dam
518 2611 680 2707 prelatus
698 2606 758 2680 vel
776 2603 939 2690 sacerdos
959 2607 1105 2702 quidam
1127 2609 1217 2683 civis
1234 2609 1270 2685 ἀ
1290 2618 1437 2721 rusticus

361 2812 368 2823 ,
418 2727 572 2827 quedam
597 2722 703 2820 virgo
730 2718 787 2793 vel
809 2718 919 2792 vidua
940 2719 984 2792 de
1011 2718 1081 2794 hoc
1107 2722 1165 2795 vel
1186 2721 1259 2797 alio
1289 2729 1438 2813 crimine

416 2849 489 2925 fuit
505 2842 594 2920 mihi
613 2833 789 2927 consessa,
813 2837 1227 2935 adjicientesaliquando
1244 2844 1366 2925 locum
1387 2852 1436 2926 in.

417 2970 556 3048 colatus
572 2958 745 3062 ejusdem,
770 2982 852 3036 curn
867 2974 990 3034 autem
1004 2958 1074 3034 hoc
1089 2958 1132 3034 stt
1151 2979 1278 3039 contra
1296 2989 1436 3048 omnem

416 3084 639 3162 honestatem
656 3094 765 3174 atque
786 3072 986 3150 decentiam
1005 3091 1205 3172 contraque
1231 3078 1347 3166 bonos
1365 3103 1437 3159 noo-

395 3219 475 3280 ,res
499 3192 855 3299 atque-horrendum
881 3182 1046 3285 diuum,
1084 3214 1240 3289 cumque
1261 3198 1372 3277 etiarn
1398 3201 1438 3278 fit

333 3338 335 3342 ·
415 3310 613 3407 contraius
632 3307 852 3406 scriptum&
869 3303 1059 3403 presertim
1074 3308 1109 3383 in
1126 3309 1296 3389 Generali
1309 3311 1436 3396 Conci-

415 3435 466 3512 lio
481 3430 544 3508 sub
557 3427 848 3532 formidabilibus
863 3426 963 3523 penis
980 3425 1142 3525 expresse
1154 3429 1384 3525 prohibitum
1395 3463 1438 3516 ne

413 3549 603 3653 quisquam
631 3545 857 3621 sacerdotum
888 3560 1120 3640 peccatorem
1143 3535 1221 3646 five
1247 3569 1436 3646 peccatum

309 3722 311 3726 ,
414 3663 613 3743 verbovel
637 3659 736 3759 signo
753 3674 817 3733 aot
834 3660 906 3733 alio
934 3655 1064 3753 quovis
1091 3652 1200 3738 modo
1219 3659 1435 3756 aliquatinus

413 3782 560 3882 prodat,
585 3774 746 3872 alioquin
763 3795 834 3849 non
850 3767 965 3849 solum
981 3768 1227 3864 dsacerdotali
1240 3774 1363 3872 officio
1379 3780 1436 3854 de·

413 3896 602 3994 ponendus
614 3911 743 3967 verum
758 3888 867 3962 etiarn
884 3889 929 3963 ad
946 3890 1128 3989 agendum
1145 3887 1365 3985 perpetuam
1374 3915 1434 3989 pe-

412 4006 651 4089 nitentiamin
668 4018 807 4079 certum
828 4002 1084 4107 monasterium
1109 4003 1358 4083 detrudendus
1384 4005 1433 4098 su,

411 4154 486 4234 ¹qua
517 4144 670 4224 propter
697 4122 863 4199 omuibus
890 4123 925 4198 dr
954 4123 1102 4226 singulis
1129 4123 1346 4220 presbiteris
1375 4124 1435 4203 sub

412 4242 539 4346 uostris
560 4240 709 4318 civitate
724 4236 758 4314 dr
774 4234 903 4348 diocefi
927 4235 1285 4321 constitutir'curatis
1308 4241 1434 4320 &noo

805 4371 820 4388 '
1172 4369 1175 4376 ’
1320 4377 1386 4436 cll·
1422 4424 1425 4428 .
