3409 5117
726 538 1002 607 W
1084 522 1092 531 ’
1252 566 1328 650 aar
1447 517 1467 598 J

337 696 523 783 asummo
536 696 709 782 Pontifice
719 703 779 777 vel
796 669 900 780 Rriais
921 702 1088 782 Dominis
1104 702 1377 808 sandleRomtn

336 842 387 899 ne
412 811 568 894 Ecclesre
591 818 845 897 Cardinalibos
870 819 917 896 ad
947 817 1088 903 easdem
1111 816 1265 927 elargire
1290 826 1375 915 sunt

336 935 599 1026 nichilominus
623 948 745 1010 tamen
772 936 819 1010 ad
847 934 1008 1017 nostrum
1036 940 1183 1017 devenit
1204 944 1374 1025 auditum

337 1053 439 1148 qnod
452 1048 567 1152 ,nrulti
585 1048 748 1128 homines
768 1045 990 1145 potissimum
1010 1048 1212 1132 sacerdotes
1235 1055 1373 1155 aliique
1399 1049 1401 1054 ⁸

336 1160 462 1243 clerici
481 1182 553 1233 non
567 1157 883 1257 indulgentiarum
899 1158 1109 1258 hujusmodi
1134 1186 1253 1261 neque
1277 1168 1374 1245 divi..

335 1274 377 1351 ni
394 1275 513 1354 cultus
530 1286 672 1364 artiore,
693 1265 755 1346 sed
772 1269 899 1365 pocius
918 1268 957 1354 in
971 1265 1006 1352 se
1014 1270 1257 1375 ingurgitent,
1276 1300 1369 1356 ven.

334 1409 436 1476 trem
452 1390 635 1484 repleatis,
659 1385 802 1470 fabulas
825 1385 998 1479 recitent,
1020 1387 1164 1468 choreis
1191 1393 1372 1473 laicorum

332 1503 478 1592 adstent
505 1499 539 1577 dr
563 1500 759 1602 aliquando
786 1494 1018 1581 sacerdotalis
1045 1499 1230 1606 dignitatis
1252 1499 1370 1583 secra·

334 1618 524 1713 mentique
540 1616 705 1710 corporis
724 1613 760 1697 o
783 1613 964 1720 sanguinis
985 1616 1135 1700 Domini
1152 1619 1264 1700 nostri
1283 1641 1371 1715 per·

334 1728 518 1830 ceptionis
539 1727 645 1802 obliti
666 1729 807 1825 pariter
828 1739 911 1813 cum
939 1729 1039 1816 laicis
1062 1732 1212 1816 choreas
1235 1736 1371 1815 ducant

333 1856 434 1934 cetui
450 1852 637 1951 virgiuum
655 1848 689 1927 dr
707 1849 904 1926 mulierum
924 1843 960 1925 se
979 1844 1218 1944 immisceant,
1244 1846 1371 1925 confa-

332 1967 548 2050 bulaciones
571 1963 707 2046 faciant
724 1951 944 2070 aliasque&
962 1960 1034 2043 alia
1058 1976 1273 2057 perpetrent
1295 1983 1370 2059 que

335 2081 376 2160 in
411 2075 666 2173 obprobrium«
701 2076 811 2158 status
849 2072 1025 2155 clericulis
1068 2069 1371 2174 sacerdotalisque

334 2190 527 2291 dignitatis.
562 2191 671 2294 parvi
706 2189 914 2284 pensionem
945 2188 1095 2271 tendere
1132 2187 1370 2272 dinoscuntur

331 2319 381 2399 ad
392 2307 601 2416 hujusmodi
619 2309 861 2390 dedicationes
880 2306 1007 2390 venire
1022 2306 1215 2405 &quidem
1233 2309 1270 2383 in
1286 2323 1369 2381 tan-

331 2451 373 2534 to
391 2453 548 2511 numero
562 2430 652 2507 sicut
671 2431 774 2507 cervi
786 2431 833 2504 ad
852 2427 970 2510 fontes
986 2415 1164 2531 aquarum
1182 2429 1219 2504 in
1238 2430 1367 2509 domos

329 2533 527 2644 presertim
554 2542 845 2639 presbiterorum
871 2539 1136 2643 parochialium
1157 2542 1287 2622 edendi
1312 2542 1370 2619 bi·

330 2658 517 2756 bendique
538 2653 645 2735 causa
672 2655 799 2738 venire
818 2655 938 2755 seque
963 2654 1146 2731 devorare
1166 2650 1304 2735 soleant
1325 2673 1369 2739 nt

329 2774 441 2855 unius
467 2766 722 2874 diei'expeose
748 2765 873 2866 magni
897 2764 1073 2864 temporis
1098 2765 1237 2850 viuum
1261 2766 1368 2862 absa.

328 2903 450 2981 mant,
470 2883 618 2992 quom,
640 2884 890 2987 utaliquando
904 2881 1102 2987 presbiteri
1118 2882 1180 2984 qui
1196 2886 1284 2966 alias
1299 2906 1366 2980 pa·

328 3026 418 3084 rum
435 2997 596 3097 hahent,
622 2996 746 3080 debita
770 2995 833 3073 soa
856 2997 976 3078 minus
999 2993 1213 3095 persolvere
1233 2995 1366 3100 pollint

328 3116 369 3199 dc
384 3113 433 3192 ob
455 3114 538 3195 hoc·
551 3109 815 3210 suspensionem
838 3135 862 3195 a
886 3112 1018 3192 divinis
1036 3112 1095 3193 'vel
1115 3115 1365 3197 excommnni.

329 3233 516 3320 cationem
531 3232 580 3311 ad
598 3230 802 3315 instantiam.
817 3229 1044 3311 creditorum.
1061 3228 1209 3312 suoram
1232 3234 1366 3318 evade-

328 3345 376 3431 re
395 3343 629 3446 nonpossint,
653 3368 722 3443 per
736 3347 836 3449 quod
849 3346 993 3427 divinus
1010 3345 1128 3423 cultus
1145 3346 1365 3427 diminuitur

328 3463 371 3546 dr
386 3462 595 3543 scandalum
608 3463 692 3548 inde
708 3466 840 3548 oritur.
871 3464 1047 3545 Volentes
1061 3463 1365 3563 itaquehoicdeae

328 3586 489 3695 saltabili
511 3585 732 3669 clericorum
759 3585 859 3668 vicio
888 3580 1065 3690 quantum
1091 3580 1275 3688 possumus
1295 3584 1364 3664 oba
1408 3568 1410 3574 ’

322 3706 464 3805 viare,
502 3704 711 3783 inhibemus
736 3704 905 3795 omnibus
932 3704 966 3779 dr
993 3702 1141 3805 singulis
1164 3705 1365 3791 clericis&
1477 3733 1479 3739 ·

326 3820 496 3921 personis
513 3808 755 3918 ecclesiasticis
779 3823 907 3904 nostre*
923 3819 1167 3928 jot-numiam
1191 3818 1363 3922 subjetlis

325 3941 369 4030 iri
385 3947 530 4031 virtute
550 3941 672 4030 sandie
688 3945 949 4029 obediencie&
971 3943 1036 4022 sub
1059 3965 1152 4044 pena
1167 3946 1366 4033 arbitraria·

323 4062 433 4165 juxta
449 4059 609 4148 exessus
626 4066 777 4144 modum
800 4065 834 4144 oz
854 4061 1115 4167 quantitatem,
1141 4083 1186 4138 ne
1206 4066 1251 4138 de
1265 4083 1364 4142 cete-

323 4179 371 4270 ro
389 4175 575 4298 quispiam
599 4177 766 4269 sacerdos
794 4186 854 4260 vel
874 4183 1028 4263 clericus
1052 4180 1158 4270 nobis
1181 4179 1366 4330 subjectus

743 4301 920 4400 .T4·
1263 4303 1315 4382 ad
1452 4337 1455 4367 ε
