3409 5117
658 536 930 618 *ΝΜ

274 730 471 819 Clemens
492 732 600 846 Papa
616 728 667 818 V.
691 728 815 847 quod
839 723 1010 845 quidem
1030 730 1145 816 initio
1161 754 1303 817 rarum
1390 821 1392 826 ,

274 862 312 949 81
351 856 599 977 infrequens
630 863 722 968 (uti
752 860 967 978 colligitur
1001 885 1058 944 ex
1088 859 1303 959 Bullario)

273 992 476 1108 superiori
519 989 654 1076 seculo
678 984 954 1104 ¹frequentari
996 986 1114 1076 valde
1152 990 1302 1106 coep'it,

228 1137 229 1144 ‘
276 1148 371 1206 cum
382 1120 475 1205 hoc
498 1140 635 1204 tamen
660 1116 893 1205 discrimine
908 1143 1043 1233 usque
1073 1122 1115 1206 in
1136 1116 1303 1205 hodier-

228 1281 229 1286 ‘
276 1276 374 1353 num
390 1248 506 1335 diem
526 1245 719 1349 durante,
728 1247 860 1365 quod
874 1246 1004 1334 Bullas
1022 1275 1110 1335 non
1132 1247 1303 1362 incipiat

275 1349 492 1473 Pontifex,
530 1370 605 1455 nisi
625 1369 719 1480 'sub
743 1376 916 1459 nomine
942 1369 1016 1459 suo
1047 1400 1149 1460 curn
1174 1369 1320 1470 titulis'⁸

275 1503 475 1620 Episcopi
507 1526 549 1587 et
559 1485 681 1591 servi
713 1502 930 1591 servorum
958 1503 1056 1617 Dei5
1099 1505 1320 1594 Brevibus.

277 1659 379 1726 vero
395 1660 445 1719 ac
460 1631 652 1724 Motibus
671 1631 856 1748 propriis
871 1660 894 1717 a
912 1654 1104 1768 tempore
1110 1628 1208 1747 Julq
1234 1639 1300 1721 111.

276 1763 448 1849 addatur
463 1761 516 1849 ad
531 1788 688 1848 nomen
709 1760 853 1883 titulus
876 1747 994 1877 Papae
1011 1789 1108 1861 cum
1121 1783 1302 1849 numero
1376 1762 1385 1811 -’

276 1897 479 1999 dominio,
502 1898 622 1989 annis
647 1876 743 1981 ante
770 1891 932 2046 Julium
957 1894 1186 2014 sexaginta,
1213 1894 1303 2010 pri·

278 2050 390 2138 mue,
417 1993 542 2144 quod
567 1996 804 2137 equidem
794 2029 981 2111 mvenire
1005 2029 1086 2132 est,
1121 2029 1303 2115 Alexan·
1319 2047 1323 2054 ·

280 2151 346 2239 der
366 2161 436 2238 Vl.
463 2154 590 2267 coepit
606 2151 741 2237 literas
762 2150 848 2240 suas
866 2155 1019 2270 aliquas
1041 2156 1201 2274 fignare
1228 2154 1300 2240 sub

279 2285 446 2371 Annulo
467 2284 680 2370 Piscatoris
705 2282 756 2370 ab
781 2284 984 2404 insculpto
1007 2288 1116 2374 Petri
1143 2287 1304 2406 piscari·
1365 2380 1379 2421 Ι

281 2419 323 2502 tis
343 2411 574 2530 signaculo.
632 2410 762 2498 Hunc
797 2414 996 2501 annulum
1032 2416 1302 2534 fixuspaula·

282 2548 350 2629 tim
366 2539 465 2627 ulits
491 2537 534 2648 81
558 2535 631 2622 sub
653 2536 769 2652 Julio
790 2548 851 2624 lll.
879 2542 1000 2657 plane
1014 2544 1087 2631 fibi
1111 2549 1304 2633 constans
1333 2596 1335 2600 ·
1394 2639 1395 2643 1

281 2674 433 2763 addixit
464 2674 555 2761 solis
580 2673 795 2761 Brevibue
850 2677 1080 2768 Alexandri
1113 2682 1304 2798 exempla
1413 2743 1417 2753 ·

244 2888 248 2898 ,
282 2829 322 2888 ac
336 2828 482 2919 porro
505 2800 681 2886 aliorum
706 2824 848 2887 extant
881 2804 994 2919 apud
1017 2804 1306 2925 Waddingum
1385 2847 1397 2874 .

283 2931 406 3018 Tom.
427 2934 531 3013 Vlll.
550 2954 628 3012 nec
653 2956 740 3014 non
766 2932 808 3014 in
824 2929 1003 3020 Bullario
1022 2932 1301 3032 Lateranensr.

284 3059 346 3144 Ab
363 3050 435 3142 illo
459 3084 562 3170 ergo
580 3079 772 3172 tempore
790 3064 1012 3146 conveniet
1026 3063 1179 3172 Bullas,
1210 3071 1307 3158 Bre-

283 3192 429 3303 viaque
458 3183 713 3299 distinguere
742 3184 975 3275 secundum
1007 3191 1117 3281 istud
1149 3203 1306 3312 prinei..

283 3322 412 3433 pium
557 3357 564 3363 ·

274 3543 574 3636 Bullarum
590 3566 729 3631 autem
746 3540 885 3634 rursus
902 3548 988 3672 11110
1014 3551 1106 3643 sunt
1126 3586 1304 3676 genera,

239 3604 362 3768 111111
390 3678 611 3794 quidemn
642 3679 840 3766 Pontifice
866 3680 908 3767 81
930 3684 1217 3779 Cardinalibus
1240 3696 1305 3779 lo

240 3808 457 3946 {lenuiter
499 3804 764 3922 subscriptae3
807 3810 891 3895 aliae
930 3841 1018 3901 non
1049 3821 1162 3908 item.
1237 3820 1304 3909 De

241 3921 474 4049 n'trisque
496 3957 634 4019 autem
666 3931 950 4027 indifferenter
971 3945 1167 4056 procedit
1190 3974 1306 4063 quae

287 4066 379 4168 llio
411 4063 731 4179 quandonam
696 4088 753 4147 ets
774 4070 948 4181 coperit
963 4068 1306 4163 CancellariaRo-

227 4221 400 4284 mana
427 4190 658 4281 adscribere
694 4224 849 4294 annum
879 4201 1172 4299 Incarnationis
1201 4236 1306 4326 pro

1096 4336 1253 4438 ducen
1397 4361 1402 4368 ’
