<?xml version="1.0" encoding="UTF-8"?>
<!DOCTYPE html PUBLIC "-//W3C//DTD XHTML 1.0 Transitional//EN"
    "http://www.w3.org/TR/xhtml1/DTD/xhtml1-transitional.dtd">
<html xmlns="http://www.w3.org/1999/xhtml" xml:lang="en" lang="en">
 <head>
  <title>
</title>
<meta http-equiv="Content-Type" content="text/html;charset=utf-8" />
  <meta name='ocr-system' content='tesseract 3.04.00' />
  <meta name='ocr-capabilities' content='ocr_page ocr_carea ocr_par ocr_line ocrx_word'/>
</head>
<body>
  <div class='ocr_page' id='page_1' title='image "./subsidiadiploma00wrgoog_0343.png"; bbox 0 0 3409 5117; ppageno 0'>
   <div class='ocr_carea' id='block_1_1' title="bbox 603 537 1320 639">
    <p class='ocr_par' dir='ltr' id='par_1_1' title="bbox 603 537 1320 639">
     <span class='ocr_line' id='line_1_1' title="bbox 603 537 1320 639; baseline -0.018 -35"><span class='ocrx_word' id='word_1_1' title='bbox 603 585 612 604; x_wconf 90' lang='lat'><strong>.</strong></span> <span class='ocrx_word' id='word_1_2' title='bbox 696 537 989 629; x_wconf 10' lang='lat' dir='ltr'>immam</span> <span class='ocrx_word' id='word_1_3' title='bbox 1243 564 1320 639; x_wconf 72' lang='lat'>:301</span> 
     </span>
    </p>
   </div>
   <div class='ocr_carea' id='block_1_2' title="bbox 319 696 1465 3582">
    <p class='ocr_par' dir='ltr' id='par_1_2' title="bbox 319 696 1465 3582">
     <span class='ocr_line' id='line_1_2' title="bbox 335 696 1368 805; baseline 0.01 -33"><span class='ocrx_word' id='word_1_4' title='bbox 335 708 582 799; x_wconf 80' lang='lat' dir='ltr'>peragantur,</span> <span class='ocrx_word' id='word_1_5' title='bbox 607 696 704 794; x_wconf 87' lang='lat' dir='ltr'>palie</span> <span class='ocrx_word' id='word_1_6' title='bbox 724 720 871 794; x_wconf 85' lang='lat' dir='ltr'>quoque</span> <span class='ocrx_word' id='word_1_7' title='bbox 893 700 1172 783; x_wconf 75' lang='lat' dir='ltr'>artoriumvasa</span> <span class='ocrx_word' id='word_1_8' title='bbox 1195 728 1368 805; x_wconf 73' lang='lat' dir='ltr'>corpora·</span> 
     </span>
     <span class='ocr_line' id='line_1_3' title="bbox 331 810 1452 922; baseline 0.01 -32"><span class='ocrx_word' id='word_1_9' title='bbox 331 814 387 890; x_wconf 87' lang='lat' dir='ltr'>lia</span> <span class='ocrx_word' id='word_1_10' title='bbox 408 829 619 889; x_wconf 84' lang='lat' dir='ltr'>ornamenta</span> <span class='ocrx_word' id='word_1_11' title='bbox 632 827 741 908; x_wconf 87' lang='lat' dir='ltr'>atque</span> <span class='ocrx_word' id='word_1_12' title='bbox 757 810 972 896; x_wconf 81' lang='lat' dir='ltr'>vestimenta</span> <span class='ocrx_word' id='word_1_13' title='bbox 986 817 1031 891; x_wconf 89' lang='lat' dir='ltr'>ad</span> <span class='ocrx_word' id='word_1_14' title='bbox 1046 819 1192 922; x_wconf 81' lang='lat' dir='ltr'>cultum</span> <span class='ocrx_word' id='word_1_15' title='bbox 1203 824 1370 903; x_wconf 82' lang='lat' dir='ltr'>divinum</span> <span class='ocrx_word' id='word_1_16' title='bbox 1448 829 1452 842; x_wconf 92' lang='lat'><em>&#39;</em></span> 
     </span>
     <span class='ocr_line' id='line_1_4' title="bbox 335 919 1365 1027; baseline 0.012 -29"><span class='ocrx_word' id='word_1_17' title='bbox 335 920 561 1023; x_wconf 82' lang='lat' dir='ltr'>pertinentia</span> <span class='ocrx_word' id='word_1_18' title='bbox 577 924 712 998; x_wconf 87' lang='lat' dir='ltr'>munda</span> <span class='ocrx_word' id='word_1_19' title='bbox 727 919 761 995; x_wconf 78' lang='lat' dir='ltr'>dr</span> <span class='ocrx_word' id='word_1_20' title='bbox 775 924 890 999; x_wconf 90' lang='lat' dir='ltr'>nitida</span> <span class='ocrx_word' id='word_1_21' title='bbox 906 924 1190 1027; x_wconf 85' lang='lat' dir='ltr'>conserventur,</span> <span class='ocrx_word' id='word_1_22' title='bbox 1214 932 1249 1006; x_wconf 74' lang='grc' dir='ltr'>ἂ</span> <span class='ocrx_word' id='word_1_23' title='bbox 1270 932 1365 1011; x_wconf 92' lang='lat' dir='ltr'>insu·</span> 
     </span>
     <span class='ocr_line' id='line_1_5' title="bbox 334 1043 1403 1147; baseline 0.012 -24"><span class='ocrx_word' id='word_1_24' title='bbox 334 1071 406 1147; x_wconf 85' lang='lat' dir='ltr'>per</span> <span class='ocrx_word' id='word_1_25' title='bbox 422 1069 548 1123; x_wconf 85' lang='lat' dir='ltr'>omnes</span> <span class='ocrx_word' id='word_1_26' title='bbox 566 1043 599 1121; x_wconf 70' lang='grc' dir='ltr'><strong>ἆ</strong></span> <span class='ocrx_word' id='word_1_27' title='bbox 614 1044 771 1147; x_wconf 81' lang='lat' dir='ltr'>sngnlos</span> <span class='ocrx_word' id='word_1_28' title='bbox 790 1046 1054 1125; x_wconf 88' lang='lat' dir='ltr'>incontinencie</span> <span class='ocrx_word' id='word_1_29' title='bbox 1073 1053 1168 1129; x_wconf 86' lang='lat' dir='ltr'>viclo</span> <span class='ocrx_word' id='word_1_30' title='bbox 1182 1054 1367 1138; x_wconf 86' lang='lat' dir='ltr'>defedatot</span> <span class='ocrx_word' id='word_1_31' title='bbox 1399 1082 1403 1088; x_wconf 78' lang='grc'><em>’</em></span> 
     </span>
     <span class='ocr_line' id='line_1_6' title="bbox 331 1159 1368 1272; baseline 0.009 -36"><span class='ocrx_word' id='word_1_32' title='bbox 331 1164 414 1242; x_wconf 81' lang='lat' dir='ltr'>five</span> <span class='ocrx_word' id='word_1_33' title='bbox 439 1166 484 1236; x_wconf 89' lang='lat' dir='ltr'>de</span> <span class='ocrx_word' id='word_1_34' title='bbox 502 1162 763 1239; x_wconf 83' lang='lat' dir='ltr'>concubinatus</span> <span class='ocrx_word' id='word_1_35' title='bbox 790 1161 887 1235; x_wconf 82' lang='lat' dir='ltr'>vicio</span> <span class='ocrx_word' id='word_1_36' title='bbox 912 1159 1174 1256; x_wconf 72' lang='lat' dir='ltr'>suspeslosaut</span> <span class='ocrx_word' id='word_1_37' title='bbox 1194 1170 1368 1272; x_wconf 79' lang='lat' dir='ltr'>mulieres</span> 
     </span>
     <span class='ocr_line' id='line_1_7' title="bbox 333 1277 1368 1378; baseline -0.007 -20"><span class='ocrx_word' id='word_1_38' title='bbox 333 1278 459 1358; x_wconf 89' lang='lat' dir='ltr'>secum</span> <span class='ocrx_word' id='word_1_39' title='bbox 474 1277 653 1375; x_wconf 74' lang='lat' dir='ltr'>suspeslas</span> <span class='ocrx_word' id='word_1_40' title='bbox 670 1292 831 1352; x_wconf 86' lang='lat' dir='ltr'>tenentes</span> <span class='ocrx_word' id='word_1_41' title='bbox 851 1278 911 1353; x_wconf 91' lang='lat' dir='ltr'>vel</span> <span class='ocrx_word' id='word_1_42' title='bbox 936 1277 982 1353; x_wconf 85' lang='lat' dir='ltr'>ab</span> <span class='ocrx_word' id='word_1_43' title='bbox 1005 1298 1110 1374; x_wconf 82' lang='lat' dir='ltr'>extra</span> <span class='ocrx_word' id='word_1_44' title='bbox 1133 1284 1281 1378; x_wconf 84' lang='lat' dir='ltr'>publice</span> <span class='ocrx_word' id='word_1_45' title='bbox 1300 1311 1368 1366; x_wconf 88' lang='lat' dir='ltr'>nu.</span> 
     </span>
     <span class='ocr_line' id='line_1_8' title="bbox 329 1390 1367 1497; baseline 0.008 -27"><span class='ocrx_word' id='word_1_46' title='bbox 329 1395 489 1484; x_wconf 78' lang='lat' dir='ltr'>trientes</span> <span class='ocrx_word' id='word_1_47' title='bbox 506 1390 752 1491; x_wconf 87' lang='lat' dir='ltr'>cujuscunque</span> <span class='ocrx_word' id='word_1_48' title='bbox 776 1392 885 1467; x_wconf 85' lang='lat' dir='ltr'>status</span> <span class='ocrx_word' id='word_1_49' title='bbox 906 1395 1042 1494; x_wconf 86' lang='lat' dir='ltr'>gradus</span> <span class='ocrx_word' id='word_1_50' title='bbox 1062 1397 1248 1497; x_wconf 79' lang='lat' dir='ltr'>dignitatis</span> <span class='ocrx_word' id='word_1_51' title='bbox 1268 1405 1367 1479; x_wconf 87' lang='lat' dir='ltr'>ordi·</span> 
     </span>
     <span class='ocr_line' id='line_1_9' title="bbox 332 1511 1368 1619; baseline 0.002 -29"><span class='ocrx_word' id='word_1_52' title='bbox 332 1514 392 1590; x_wconf 87' lang='lat' dir='ltr'>nis</span> <span class='ocrx_word' id='word_1_53' title='bbox 409 1511 625 1589; x_wconf 90' lang='lat' dir='ltr'>conditionis</span> <span class='ocrx_word' id='word_1_54' title='bbox 646 1513 703 1587; x_wconf 87' lang='lat' dir='ltr'>vel</span> <span class='ocrx_word' id='word_1_55' title='bbox 722 1512 990 1608; x_wconf 79' lang='lat' dir='ltr'>preeminencie</span> <span class='ocrx_word' id='word_1_56' title='bbox 1008 1515 1196 1591; x_wconf 81' lang='lat' dir='ltr'>extiterint</span> <span class='ocrx_word' id='word_1_57' title='bbox 1207 1518 1242 1592; x_wconf 90' lang='lat' dir='ltr'>in</span> <span class='ocrx_word' id='word_1_58' title='bbox 1256 1543 1368 1619; x_wconf 54' lang='lat' dir='ltr'>gene-2</span> 
     </span>
     <span class='ocr_line' id='line_1_10' title="bbox 332 1624 1465 1733; baseline -0.01 -30"><span class='ocrx_word' id='word_1_59' title='bbox 332 1646 380 1703; x_wconf 86' lang='lat' dir='ltr'>re</span> <span class='ocrx_word' id='word_1_60' title='bbox 397 1626 491 1703; x_wconf 78' lang='lat' dir='ltr'>dr-in</span> <span class='ocrx_word' id='word_1_61' title='bbox 517 1626 633 1721; x_wconf 89' lang='lat' dir='ltr'>specie</span> <span class='ocrx_word' id='word_1_62' title='bbox 656 1624 708 1721; x_wconf 88' lang='lat' dir='ltr'>pij</span> <span class='ocrx_word' id='word_1_63' title='bbox 733 1625 1139 1733; x_wconf 80' lang='lat' dir='ltr'>patrismorepaterne</span> <span class='ocrx_word' id='word_1_64' title='bbox 1155 1629 1187 1703; x_wconf 78' lang='lat' dir='ltr'>dc</span> <span class='ocrx_word' id='word_1_65' title='bbox 1206 1634 1368 1710; x_wconf 84' lang='lat' dir='ltr'>caritati.</span> <span class='ocrx_word' id='word_1_66' title='bbox 1461 1674 1465 1692; x_wconf 86' lang='grc'><em>,</em></span> 
     </span>
     <span class='ocr_line' id='line_1_11' title="bbox 336 1740 1376 1842; baseline 0.012 -29"><span class='ocrx_word' id='word_1_67' title='bbox 336 1762 387 1815; x_wconf 88' lang='lat' dir='ltr'>ve</span> <span class='ocrx_word' id='word_1_68' title='bbox 403 1741 575 1816; x_wconf 77' lang='lat' dir='ltr'>evisando</span> <span class='ocrx_word' id='word_1_69' title='bbox 595 1761 782 1815; x_wconf 80' lang='lat' dir='ltr'>monemus</span> <span class='ocrx_word' id='word_1_70' title='bbox 798 1740 832 1813; x_wconf 75' lang='lat' dir='ltr'>d</span> <span class='ocrx_word' id='word_1_71' title='bbox 848 1742 1070 1838; x_wconf 84' lang='lat' dir='ltr'>requirimus</span> <span class='ocrx_word' id='word_1_72' title='bbox 1089 1759 1263 1842; x_wconf 85' lang='lat' dir='ltr'>quatenos</span> <span class='ocrx_word' id='word_1_73' title='bbox 1279 1772 1376 1838; x_wconf 24' lang='lat' dir='ltr'>morra</span> 
     </span>
     <span class='ocr_line' id='line_1_12' title="bbox 334 1854 1366 1960; baseline 0.016 -32"><span class='ocrx_word' id='word_1_74' title='bbox 334 1859 416 1955; x_wconf 88' lang='lat' dir='ltr'>poll</span> <span class='ocrx_word' id='word_1_75' title='bbox 429 1854 661 1952; x_wconf 80' lang='lat' dir='ltr'>presencium</span> <span class='ocrx_word' id='word_1_76' title='bbox 682 1856 969 1953; x_wconf 75' lang='lat' dir='ltr'>publicationem</span> <span class='ocrx_word' id='word_1_77' title='bbox 988 1858 1366 1960; x_wconf 74' lang='lat' dir='ltr'>siveinsntuaciouem</span> 
     </span>
     <span class='ocr_line' id='line_1_13' title="bbox 335 1970 1385 2078; baseline 0.004 -24"><span class='ocrx_word' id='word_1_78' title='bbox 335 1974 587 2074; x_wconf 83' lang='lat' dir='ltr'>hujuscemodi</span> <span class='ocrx_word' id='word_1_79' title='bbox 604 1970 783 2069; x_wconf 70' lang='lat' dir='ltr'>suspeslas</span> <span class='ocrx_word' id='word_1_80' title='bbox 805 1974 978 2074; x_wconf 75' lang='lat' dir='ltr'>mulieres¹</span> <span class='ocrx_word' id='word_1_81' title='bbox 999 1974 1195 2078; x_wconf 68' lang='lat' dir='ltr'>penitus&amp;</span> <span class='ocrx_word' id='word_1_82' title='bbox 1215 1983 1385 2058; x_wconf 89' lang='lat' dir='ltr'>omniuo</span> 
     </span>
     <span class='ocr_line' id='line_1_14' title="bbox 333 2082 1364 2188; baseline 0.002 -20"><span class='ocrx_word' id='word_1_83' title='bbox 333 2092 487 2169; x_wconf 72' lang='lat' dir='ltr'>realiter</span> <span class='ocrx_word' id='word_1_84' title='bbox 506 2085 540 2161; x_wconf 78' lang='lat' dir='ltr'>dr</span> <span class='ocrx_word' id='word_1_85' title='bbox 560 2082 800 2188; x_wconf 76' lang='lat' dir='ltr'>effeclualiter</span> <span class='ocrx_word' id='word_1_86' title='bbox 816 2100 1012 2161; x_wconf 80' lang='lat' dir='ltr'>amoveant</span> <span class='ocrx_word' id='word_1_87' title='bbox 1035 2085 1069 2159; x_wconf 77' lang='lat' dir='ltr'>dt</span> <span class='ocrx_word' id='word_1_88' title='bbox 1093 2086 1276 2164; x_wconf 84' lang='lat' dir='ltr'>dimittant</span> <span class='ocrx_word' id='word_1_89' title='bbox 1298 2090 1364 2170; x_wconf 87' lang='lat' dir='ltr'>sub</span> 
     </span>
     <span class='ocr_line' id='line_1_15' title="bbox 334 2191 1363 2308; baseline 0 -23"><span class='ocrx_word' id='word_1_90' title='bbox 334 2191 439 2308; x_wconf 88' lang='lat' dir='ltr'>penis</span> <span class='ocrx_word' id='word_1_91' title='bbox 453 2205 493 2280; x_wconf 79' lang='lat' dir='ltr'>dt·</span> <span class='ocrx_word' id='word_1_92' title='bbox 509 2201 668 2281; x_wconf 85' lang='lat' dir='ltr'>censuris</span> <span class='ocrx_word' id='word_1_93' title='bbox 685 2200 778 2298; x_wconf 80' lang='lat' dir='ltr'>sepe</span> <span class='ocrx_word' id='word_1_94' title='bbox 788 2193 908 2299; x_wconf 85' lang='lat' dir='ltr'>sepius</span> <span class='ocrx_word' id='word_1_95' title='bbox 923 2191 957 2276; x_wconf 81' lang='lat' dir='ltr'>tir</span> <span class='ocrx_word' id='word_1_96' title='bbox 970 2195 1166 2280; x_wconf 73' lang='lat' dir='ltr'>retroauis</span> <span class='ocrx_word' id='word_1_97' title='bbox 1181 2205 1363 2305; x_wconf 85' lang='lat' dir='ltr'>synodali-</span> 
     </span>
     <span class='ocr_line' id='line_1_16' title="bbox 334 2322 1364 2427; baseline 0.001 -18"><span class='ocrx_word' id='word_1_98' title='bbox 334 2336 404 2409; x_wconf 86' lang='lat' dir='ltr'>bus</span> <span class='ocrx_word' id='word_1_99' title='bbox 415 2325 635 2427; x_wconf 74' lang='lat' dir='ltr'>processibus</span> <span class='ocrx_word' id='word_1_100' title='bbox 652 2322 938 2425; x_wconf 69' lang='lat' dir='ltr'>promulgatis&amp;</span> <span class='ocrx_word' id='word_1_101' title='bbox 952 2322 1159 2419; x_wconf 87' lang='lat' dir='ltr'>publicatis,</span> <span class='ocrx_word' id='word_1_102' title='bbox 1175 2329 1254 2423; x_wconf 88' lang='lat' dir='ltr'>quis</span> <span class='ocrx_word' id='word_1_103' title='bbox 1266 2334 1364 2410; x_wconf 86' lang='lat' dir='ltr'>enim</span> 
     </span>
     <span class='ocr_line' id='line_1_17' title="bbox 333 2437 1364 2542; baseline 0.002 -21"><span class='ocrx_word' id='word_1_104' title='bbox 333 2448 385 2525; x_wconf 87' lang='lat' dir='ltr'>ell</span> <span class='ocrx_word' id='word_1_105' title='bbox 409 2446 472 2540; x_wconf 88' lang='lat' dir='ltr'>qui</span> <span class='ocrx_word' id='word_1_106' title='bbox 494 2437 645 2531; x_wconf 88' lang='lat' dir='ltr'>nesciat,</span> <span class='ocrx_word' id='word_1_107' title='bbox 683 2439 893 2535; x_wconf 76' lang='lat' dir='ltr'>hujusmodi</span> <span class='ocrx_word' id='word_1_108' title='bbox 916 2439 1115 2536; x_wconf 87' lang='lat' dir='ltr'>iniquitatis</span> <span class='ocrx_word' id='word_1_109' title='bbox 1144 2437 1228 2517; x_wconf 87' lang='lat' dir='ltr'>vasa</span> <span class='ocrx_word' id='word_1_110' title='bbox 1257 2463 1364 2542; x_wconf 85' lang='lat' dir='ltr'>capte</span> 
     </span>
     <span class='ocr_line' id='line_1_18' title="bbox 319 2546 1465 2661; baseline 0.003 -23"><span class='ocrx_word' id='word_1_111' title='bbox 319 2563 464 2641; x_wconf 80' lang='lat' dir='ltr'>,mentis</span> <span class='ocrx_word' id='word_1_112' title='bbox 497 2557 733 2646; x_wconf 82' lang='lat' dir='ltr'>constantiam</span> <span class='ocrx_word' id='word_1_113' title='bbox 758 2553 969 2654; x_wconf 78' lang='lat' dir='ltr'>effeminare</span> <span class='ocrx_word' id='word_1_114' title='bbox 996 2546 1131 2633; x_wconf 81' lang='lat' dir='ltr'>lamam</span> <span class='ocrx_word' id='word_1_115' title='bbox 1166 2560 1362 2661; x_wconf 82' lang='lat' dir='ltr'>denigrare</span> <span class='ocrx_word' id='word_1_116' title='bbox 1459 2603 1465 2612; x_wconf 88' lang='lat'><strong>·</strong></span> 
     </span>
     <span class='ocr_line' id='line_1_19' title="bbox 333 2664 1363 2770; baseline 0 -11"><span class='ocrx_word' id='word_1_117' title='bbox 333 2664 494 2759; x_wconf 88' lang='lat' dir='ltr'>animam</span> <span class='ocrx_word' id='word_1_118' title='bbox 528 2676 695 2770; x_wconf 80' lang='lat' dir='ltr'>poliuere</span> <span class='ocrx_word' id='word_1_119' title='bbox 729 2671 981 2751; x_wconf 81' lang='lat' dir='ltr'>conscientiam</span> <span class='ocrx_word' id='word_1_120' title='bbox 1015 2676 1212 2751; x_wconf 90' lang='lat' dir='ltr'>vulnerare</span> <span class='ocrx_word' id='word_1_121' title='bbox 1239 2676 1363 2759; x_wconf 85' lang='lat' dir='ltr'>iacere</span> 
     </span>
     <span class='ocr_line' id='line_1_20' title="bbox 330 2786 1362 2886; baseline -0.002 -15"><span class='ocrx_word' id='word_1_122' title='bbox 330 2793 498 2872; x_wconf 88' lang='lat' dir='ltr'>etiam-in</span> <span class='ocrx_word' id='word_1_123' title='bbox 515 2789 672 2886; x_wconf 86' lang='lat' dir='ltr'>peccatis</span> <span class='ocrx_word' id='word_1_124' title='bbox 688 2788 906 2865; x_wconf 87' lang='lat' dir='ltr'>mortalibus</span> <span class='ocrx_word' id='word_1_125' title='bbox 921 2786 1124 2879; x_wconf 79' lang='lat' dir='ltr'>celebrare,</span> <span class='ocrx_word' id='word_1_126' title='bbox 1150 2792 1362 2869; x_wconf 79' lang='lat' dir='ltr'>odialaico·</span> 
     </span>
     <span class='ocr_line' id='line_1_21' title="bbox 331 2893 1363 3010; baseline -0.004 -22"><span class='ocrx_word' id='word_1_127' title='bbox 331 2933 419 2992; x_wconf 91' lang='lat' dir='ltr'>rum</span> <span class='ocrx_word' id='word_1_128' title='bbox 444 2912 481 2986; x_wconf 92' lang='lat' dir='ltr'>in</span> <span class='ocrx_word' id='word_1_129' title='bbox 504 2908 707 2985; x_wconf 84' lang='lat' dir='ltr'>sacerdotes</span> <span class='ocrx_word' id='word_1_130' title='bbox 732 2927 963 3003; x_wconf 72' lang='lat' dir='ltr'>provocare,</span> <span class='ocrx_word' id='word_1_131' title='bbox 998 2893 1204 2982; x_wconf 88' lang='lat' dir='ltr'>scandalum</span> <span class='ocrx_word' id='word_1_132' title='bbox 1225 2931 1363 3010; x_wconf 79' lang='lat' dir='ltr'>augere</span> 
     </span>
     <span class='ocr_line' id='line_1_22' title="bbox 329 3023 1362 3121; baseline -0.006 -15"><span class='ocrx_word' id='word_1_133' title='bbox 329 3034 474 3110; x_wconf 80' lang='lat' dir='ltr'>animos</span> <span class='ocrx_word' id='word_1_134' title='bbox 492 3028 697 3121; x_wconf 87' lang='lat' dir='ltr'>inquietare</span> <span class='ocrx_word' id='word_1_135' title='bbox 713 3045 873 3119; x_wconf 83' lang='lat' dir='ltr'>corpora</span> <span class='ocrx_word' id='word_1_136' title='bbox 889 3024 1080 3098; x_wconf 84' lang='lat' dir='ltr'>debilitare</span> <span class='ocrx_word' id='word_1_137' title='bbox 1095 3023 1209 3098; x_wconf 82' lang='lat' dir='ltr'>vitant</span> <span class='ocrx_word' id='word_1_138' title='bbox 1227 3026 1362 3102; x_wconf 78' lang='lat' dir='ltr'>abore.</span> 
     </span>
     <span class='ocr_line' id='line_1_23' title="bbox 333 3134 1360 3232; baseline -0.001 -15"><span class='ocrx_word' id='word_1_139' title='bbox 333 3144 440 3219; x_wconf 79' lang='lat' dir='ltr'>viare</span> <span class='ocrx_word' id='word_1_140' title='bbox 450 3139 572 3215; x_wconf 86' lang='lat' dir='ltr'>christi</span> <span class='ocrx_word' id='word_1_141' title='bbox 592 3139 851 3231; x_wconf 86' lang='lat' dir='ltr'>patrimonium</span> <span class='ocrx_word' id='word_1_142' title='bbox 875 3134 1097 3232; x_wconf 82' lang='lat' dir='ltr'>pauperibus</span> <span class='ocrx_word' id='word_1_143' title='bbox 1113 3135 1275 3213; x_wconf 88' lang='lat' dir='ltr'>debitum</span> <span class='ocrx_word' id='word_1_144' title='bbox 1295 3139 1360 3218; x_wconf 75' lang='lat' dir='ltr'>ab,-</span> 
     </span>
     <span class='ocr_line' id='line_1_24' title="bbox 330 3248 1403 3351; baseline -0.006 -17"><span class='ocrx_word' id='word_1_145' title='bbox 330 3255 545 3343; x_wconf 74' lang='lat' dir='ltr'>sorbere&amp;</span> <span class='ocrx_word' id='word_1_146' title='bbox 568 3258 712 3329; x_wconf 85' lang='lat' dir='ltr'>tandem</span> <span class='ocrx_word' id='word_1_147' title='bbox 739 3255 786 3325; x_wconf 86' lang='lat' dir='ltr'>ad-</span> <span class='ocrx_word' id='word_1_148' title='bbox 808 3250 945 3346; x_wconf 72' lang='lat' dir='ltr'>inseros</span> <span class='ocrx_word' id='word_1_149' title='bbox 967 3248 1097 3326; x_wconf 86' lang='lat' dir='ltr'>misere</span> <span class='ocrx_word' id='word_1_150' title='bbox 1124 3253 1359 3351; x_wconf 87' lang='lat' dir='ltr'>precipitare,</span> <span class='ocrx_word' id='word_1_151' title='bbox 1400 3317 1403 3328; x_wconf 90' lang='lat'>.</span> 
     </span>
     <span class='ocr_line' id='line_1_25' title="bbox 330 3347 1360 3465; baseline -0.007 -14"><span class='ocrx_word' id='word_1_152' title='bbox 330 3368 564 3451; x_wconf 86' lang='lat' dir='ltr'>mundamini</span> <span class='ocrx_word' id='word_1_153' title='bbox 591 3368 705 3465; x_wconf 87' lang='lat' dir='ltr'>igitur</span> <span class='ocrx_word' id='word_1_154' title='bbox 727 3368 789 3462; x_wconf 90' lang='lat' dir='ltr'>qni</span> <span class='ocrx_word' id='word_1_155' title='bbox 811 3365 915 3441; x_wconf 85' lang='lat' dir='ltr'>sertis</span> <span class='ocrx_word' id='word_1_156' title='bbox 939 3347 1023 3439; x_wconf 71' lang='lat' dir='ltr'>uasa</span> <span class='ocrx_word' id='word_1_157' title='bbox 1049 3364 1222 3463; x_wconf 81' lang='lat' dir='ltr'>Domini,</span> <span class='ocrx_word' id='word_1_158' title='bbox 1246 3389 1360 3465; x_wconf 90' lang='lat' dir='ltr'>porro</span> 
     </span>
     <span class='ocr_line' id='line_1_26' title="bbox 332 3475 1362 3582; baseline -0.005 -25"><span class='ocrx_word' id='word_1_159' title='bbox 332 3479 523 3582; x_wconf 16' lang='lat' dir='ltr'>omnenldr</span> <span class='ocrx_word' id='word_1_160' title='bbox 544 3476 702 3574; x_wconf 74' lang='lat' dir='ltr'>singulos</span> <span class='ocrx_word' id='word_1_161' title='bbox 729 3494 943 3551; x_wconf 81' lang='lat' dir='ltr'>executores</span> <span class='ocrx_word' id='word_1_162' title='bbox 965 3475 1026 3547; x_wconf 85' lang='lat' dir='ltr'>l&#39;eu</span> <span class='ocrx_word' id='word_1_163' title='bbox 1044 3476 1279 3551; x_wconf 80' lang='lat' dir='ltr'>manulideles</span> <span class='ocrx_word' id='word_1_164' title='bbox 1301 3478 1362 3552; x_wconf 82' lang='lat' dir='ltr'>de-</span> 
     </span>
    </p>
   </div>
   <div class='ocr_carea' id='block_1_3' title="bbox 326 3588 1392 3915">
    <p class='ocr_par' dir='ltr' id='par_1_3' title="bbox 326 3588 1392 3915">
     <span class='ocr_line' id='line_1_27' title="bbox 329 3588 1361 3687; baseline -0.009 -11"><span class='ocrx_word' id='word_1_165' title='bbox 329 3598 548 3677; x_wconf 83' lang='lat' dir='ltr'>sunclotum</span> <span class='ocrx_word' id='word_1_166' title='bbox 570 3592 696 3685; x_wconf 88' lang='lat' dir='ltr'>quide</span> <span class='ocrx_word' id='word_1_167' title='bbox 716 3588 861 3666; x_wconf 86' lang='lat' dir='ltr'>fertone</span> <span class='ocrx_word' id='word_1_168' title='bbox 879 3588 1023 3687; x_wconf 84' lang='lat' dir='ltr'>argenti</span> <span class='ocrx_word' id='word_1_169' title='bbox 1039 3590 1200 3674; x_wconf 81' lang='lat' dir='ltr'>nondum</span> <span class='ocrx_word' id='word_1_170' title='bbox 1223 3588 1361 3667; x_wconf 86' lang='lat' dir='ltr'>l&#39;atisfe·</span> 
     </span>
     <span class='ocr_line' id='line_1_28' title="bbox 330 3700 1361 3801; baseline -0.007 -14"><span class='ocrx_word' id='word_1_171' title='bbox 330 3725 480 3798; x_wconf 79' lang='lat' dir='ltr'>cerunt,</span> <span class='ocrx_word' id='word_1_172' title='bbox 513 3727 581 3780; x_wconf 87' lang='lat' dir='ltr'>nec</span> <span class='ocrx_word' id='word_1_173' title='bbox 592 3727 669 3781; x_wconf 71' lang='lat' dir='ltr'>,non</span> <span class='ocrx_word' id='word_1_174' title='bbox 686 3704 750 3801; x_wconf 87' lang='lat' dir='ltr'>qui</span> <span class='ocrx_word' id='word_1_175' title='bbox 767 3706 812 3779; x_wconf 92' lang='lat' dir='ltr'>de</span> <span class='ocrx_word' id='word_1_176' title='bbox 831 3700 1045 3779; x_wconf 86' lang='lat' dir='ltr'>executione</span> <span class='ocrx_word' id='word_1_177' title='bbox 1062 3705 1361 3788; x_wconf 83' lang='lat' dir='ltr'>testamentorum</span> 
     </span>
     <span class='ocr_line' id='line_1_29' title="bbox 326 3815 1392 3915; baseline -0.009 -15"><span class='ocrx_word' id='word_1_178' title='bbox 326 3823 431 3915; x_wconf 80' lang='lat' dir='ltr'>infra</span> <span class='ocrx_word' id='word_1_179' title='bbox 455 3839 589 3893; x_wconf 88' lang='lat' dir='ltr'>anuum</span> <span class='ocrx_word' id='word_1_180' title='bbox 620 3820 653 3893; x_wconf 83' lang='lat' dir='ltr'>dr</span> <span class='ocrx_word' id='word_1_181' title='bbox 681 3819 838 3893; x_wconf 78' lang='lat' dir='ltr'>mensem</span> <span class='ocrx_word' id='word_1_182' title='bbox 863 3837 885 3890; x_wconf 90' lang='lat' dir='ltr'>a</span> <span class='ocrx_word' id='word_1_183' title='bbox 912 3815 971 3890; x_wconf 88' lang='lat' dir='ltr'>die</span> <span class='ocrx_word' id='word_1_184' title='bbox 1001 3817 1122 3892; x_wconf 84' lang='lat' dir='ltr'>obitos</span> <span class='ocrx_word' id='word_1_185' title='bbox 1148 3818 1392 3898; x_wconf 83' lang='lat' dir='ltr'>testatorum·</span> 
     </span>
    </p>
   </div>
   <div class='ocr_carea' id='block_1_4' title="bbox 328 3928 1478 4031">
    <p class='ocr_par' dir='ltr' id='par_1_4' title="bbox 328 3928 1478 4031">
     <span class='ocr_line' id='line_1_30' title="bbox 328 3928 1478 4031; baseline -0.021 -17"><span class='ocrx_word' id='word_1_186' title='bbox 328 3935 582 4031; x_wconf 85' lang='lat' dir='ltr'>computando</span> <span class='ocrx_word' id='word_1_187' title='bbox 599 3935 778 4010; x_wconf 80' lang='lat' dir='ltr'>rationem</span> <span class='ocrx_word' id='word_1_188' title='bbox 796 3930 998 4030; x_wconf 83' lang='lat' dir='ltr'>legitimam</span> <span class='ocrx_word' id='word_1_189' title='bbox 1014 3952 1087 4006; x_wconf 88' lang='lat' dir='ltr'>non</span> <span class='ocrx_word' id='word_1_190' title='bbox 1103 3928 1292 4021; x_wconf 69' lang='lat' dir='ltr'>fecerunt,</span> <span class='ocrx_word' id='word_1_191' title='bbox 1316 3930 1362 4004; x_wconf 92' lang='lat' dir='ltr'>li.</span> <span class='ocrx_word' id='word_1_192' title='bbox 1472 3932 1478 3937; x_wconf 79' lang='grc'><strong>“</strong></span> 
     </span>
    </p>
   </div>
   <div class='ocr_carea' id='block_1_5' title="bbox 324 4042 1456 4353">
    <p class='ocr_par' dir='ltr' id='par_1_5' title="bbox 324 4042 1456 4353">
     <span class='ocr_line' id='line_1_31' title="bbox 325 4042 1360 4145; baseline -0.01 -15"><span class='ocrx_word' id='word_1_193' title='bbox 325 4064 389 4130; x_wconf 82' lang='lat' dir='ltr'>cet</span> <span class='ocrx_word' id='word_1_194' title='bbox 410 4074 484 4126; x_wconf 87' lang='lat' dir='ltr'>non</span> <span class='ocrx_word' id='word_1_195' title='bbox 503 4051 544 4125; x_wconf 82' lang='lat' dir='ltr'>dt</span> <span class='ocrx_word' id='word_1_196' title='bbox 560 4052 736 4142; x_wconf 86' lang='lat' dir='ltr'>dubium,</span> <span class='ocrx_word' id='word_1_197' title='bbox 764 4046 1259 4145; x_wconf 80' lang='lat' dir='ltr'>iplosexeommunicationis</span> <span class='ocrx_word' id='word_1_198' title='bbox 1280 4042 1360 4120; x_wconf 90' lang='lat' dir='ltr'>sen·</span> 
     </span>
     <span class='ocr_line' id='line_1_32' title="bbox 324 4156 1404 4271; baseline -0.017 -25"><span class='ocrx_word' id='word_1_199' title='bbox 324 4180 485 4250; x_wconf 73' lang='lat' dir='ltr'>tenuem</span> <span class='ocrx_word' id='word_1_200' title='bbox 498 4163 640 4271; x_wconf 72' lang='lat' dir='ltr'>dudum</span> <span class='ocrx_word' id='word_1_201' title='bbox 653 4165 692 4243; x_wconf 87' lang='lat' dir='ltr'>in</span> <span class='ocrx_word' id='word_1_202' title='bbox 713 4171 874 4266; x_wconf 79' lang='lat' dir='ltr'>quodam</span> <span class='ocrx_word' id='word_1_203' title='bbox 895 4162 1027 4241; x_wconf 82' lang='lat' dir='ltr'>statuto</span> <span class='ocrx_word' id='word_1_204' title='bbox 1049 4156 1213 4261; x_wconf 77' lang='lat' dir='ltr'>synodali</span> <span class='ocrx_word' id='word_1_205' title='bbox 1232 4174 1362 4254; x_wconf 68' lang='lat' dir='ltr'>eontra</span> <span class='ocrx_word' id='word_1_206' title='bbox 1402 4194 1404 4198; x_wconf 93' lang='lat'>·</span> 
     </span>
     <span class='ocr_line' id='line_1_33' title="bbox 1219 4276 1456 4353; baseline -0.017 0"><span class='ocrx_word' id='word_1_207' title='bbox 1219 4276 1310 4353; x_wconf 79' lang='lat' dir='ltr'>talea</span> <span class='ocrx_word' id='word_1_208' title='bbox 1447 4283 1456 4300; x_wconf 80' lang='lat'><em>&#39;</em></span> 
     </span>
    </p>
   </div>
   <div class='ocr_carea' id='block_1_6' title="bbox 0 0 1710 5117">
    <p class='ocr_par' dir='ltr' id='par_1_6' title="bbox 0 0 1710 5117">
     <span class='ocr_line' id='line_1_34' title="bbox 0 0 1710 5117; baseline 0 4"><span class='ocrx_word' id='word_1_209' title='bbox 0 0 1710 5117; x_wconf 95' lang='lat' dir='ltr'> </span> 
     </span>
    </p>
   </div>
  </div>
 </body>
</html>
