3409 5117
707 526 982 615 W
1236 539 1313 613 299

319 687 438 787 super
469 673 733 768 concubinatus
763 679 1031 763 incontioeocie
1060 678 1361 782 tabernariorum

323 806 534 883 officiorum
580 807 754 880 ludorum
791 801 1007 876 illicitorum
1039 794 1360 896 ,blasphemiarum

322 922 578 1002 conuitiorum¹
599 926 835 1020 aliorumque
857 916 1041 996 viciorum-
1055 915 1302 1015 pravitatibus
1320 916 1359 997 dc

322 1041 561 1121 abusronibus
589 1041 745 1140 prorsus.
768 1038 949 1118 evitandis
979 1035 1015 1113 dr
1041 1036 1269 1133 extirpandis
1291 1061 1365 1125 nec
1437 1119 1439 1127 ,

322 1180 404 1235 non
418 1157 807 1236 virrotlbosseclaodis
821 1156 1035 1234 decentibus
1057 1153 1093 1232 dr
1112 1154 1274 1237 houellis
1293 1158 1363 1239 ha·vv

325 1278 468 1356 bitibus
490 1280 525 1355 dr
546 1281 713 1359 moribus
744 1276 961 1356 adsumendis
985 1274 1195 1358 lenonibus
1216 1279 1363 1380 argenti

324 1395 582 1493 persolvendis
596 1395 632 1468 dc
649 1395 857 1472 nacionibus
874 1391 1050 1469 faciendis
1072 1409 1183 1493 atque
1203 1395 1250 1470 de
1272 1416 1364 1493 que·

324 1512 510 1616 stionarijs
530 1512 565 1590 dr
584 1512 727 1588 clericis
745 1511 874 1589 alienis
891 1508 967 1590 five
989 1509 1028 1588 in
1055 1511 1186 1593 diocesr
1211 1511 1363 1612 spirensi

326 1657 405 1712 non
429 1634 649 1711 beneficiatis
672 1652 737 1712 aut
760 1637 851 1711 alias
874 1633 966 1711 inibi
982 1656 1056 1712 non
1083 1638 1260 1716 ordinatis
1281 1625 1364 1718 abs·
1454 1710 1457 1716 ,

328 1776 405 1854 que
421 1754 675 1833 admissionum
691 1756 822 1834 litteris
834 1756 998 1835 nondum
1018 1756 1195 1855 'expiratis
1209 1763 1363 1841 minime
1483 1795 1489 1806 ⁴

327 1882 580 1974 admittendis,
596 1872 736 1960 vcuusla
750 1904 896 1982 quoque
909 1883 982 1959 alia
1000 1904 1023 1957 a
1045 1881 1151 1960 nobis
1173 1886 1364 1984 predeces·
1465 1941 1469 1948 «

328 1994 474 2074 furibus
490 1998 619 2073 nostris
632 1999 824 2074 antedictis
841 2012 1008 2073 emanata
1016 1999 1186 2075 mandata
1200 2001 1238 2078 in
1246 2024 1362 2099 quan-

331 2130 414 2192 tum
442 2112 509 2189 srbi
534 2113 694 2191 invicem
719 2112 755 2188 dc
780 2114 955 2211 precipue
980 2114 1108 2189 nostris
1139 2118 1369 2218 processibus

328 2234 688 2315 noneontrarientur
701 2250 829 2311 tenore
845 2232 1073 2330 presencium
1091 2233 1307 2316 innovantes
1325 2242 1364 2321 dr

332 2356 536 2431 eorundem
554 2355 719 2431 omniurn
740 2370 887 2432 tenores
909 2377 953 2433 ac
974 2345 1062 2430 srde
1081 2355 1197 2435 verbo
1212 2359 1260 2435 ad
1278 2365 1369 2440 ver.'

330 2477 424 2558 bum
439 2477 667 2577 presentibus
689 2475 938 2559 insererentur
952 2500 1023 2577 pro
1037 2480 1208 2578 expressrs
1224 2482 1364 2566 haben-

333 2620 391 2683 tes
410 2607 491 2681 illos
505 2606 540 2679 dr
556 2604 620 2680 illa
636 2625 704 2700 per
719 2627 784 2681 vos
805 2626 930 2681 omnes
948 2604 984 2680 dt
999 2602 1158 2706 singulos
1183 2605 1223 2683 in
1246 2597 1365 2687 omni·
1441 2646 1442 2649 κ

332 2726 404 2804 bus
430 2721 465 2797 ἀ
487 2716 557 2821 per
578 2721 700 2797 omnia
722 2717 942 2823 fingulisque
966 2718 1130 2820 ipsorum
1160 2721 1306 2821 'pundlis
1329 2727 1371 2806 dc

333 2839 516 2933 articulis,
543 2838 767 2938 inquantum
784 2844 1083 2937 unumquemque
1100 2840 1262 2920 vestrum
1279 2866 1367 2924 con·

335 2981 489 3044 cernere
503 2962 689 3055 videntur,
715 2963 981 3043 inviolabiliter
997 2960 1063 3037 sub
1080 2963 1258 3044 uuiversrs
1273 2967 1367 3047 inibi
1455 2983 1458 2988 ’

334 3083 516 3173 contentis
543 3084 646 3181 penis
669 3081 850 3183 sententiis
874 3071 909 3159 dr
936 3080 1094 3161 censuris
1120 3103 1163 3164 ac
1182 3085 1368 3186 graviori·
1444 3154 1446 3158 ,
1486 3160 1488 3165 .

337 3210 408 3287 bus
426 3192 753 3309 etiam'arbitrartjs
768 3230 838 3308 per
851 3230 917 3286 nos
932 3210 993 3285 vel
1010 3195 1191 3288 vicariurn
1202 3211 1378 3315 nostrum.

337 3334 379 3413 in
400 3330 650 3431 spiritualibus
678 3330 885 3435 infligendis
911 3326 1102 3405 observari
1130 3327 1173 3418 dr,
1195 3330 1370 3411 custodiri

338 3449 635 3554 volumusatque
651 3455 879 3533 mandamus.
918 3449 1251 3531 certificantesdrc.
1291 3439 1375 3564 Dass¹

331 3573 422 3662 xturn
443 3579 482 3672 in
503 3577 652 3655 civitate
674 3566 799 3678 nostra
816 3559 966 3674 spi'renn
988 3572 1133 3672 prefata
1159 3576 1218 3670 die
1237 3576 1373 3678 mensis,

338 3700 569 3786 Novembris
582 3698 682 3778 sexta
693 3700 805 3780 Auno
819 3696 1179 3781 DominiMillesrmo
1193 3698 1371 3801 quadrin-

334 3819 545 3930 gentesimo
562 3817 795 3925 nonagesimo
810 3840 925 3904 nono.
1020 3831 1040 3886 ἃ
1165 3853 1172 3868 ·

1067 3950 1090 4006 x

889 4264 892 4270 ’
941 4258 945 4293 ”
1111 4257 1325 4390 'tirno
1370 4219 1376 4240 ¹
1447 4316 1448 4319 ψ
