3409 5117
274 734 373 814 endo
401 730 614 811 mandantes
645 746 823 828 quatenus
853 726 952 807 inira
972 722 1035 804 sex
1056 724 1199 805 dierum
1218 724 1300 825 spa·

274 847 375 924 cium
392 849 471 947 post
485 845 796 944 presentacionern
820 843 882 919 seu
906 840 1198 948 notificacionenu
1214 864 1302 940 prc-

270 951 437 1037 'sendum
455 957 560 1035 vobis
582 954 643 1034 scu
663 956 771 1032 alteri
791 956 953 1035 vestrum
976 955 1111 1034 fodiam
1137 955 1172 1031 dr
1203 957 1301 1054 post·

274 1098 386 1173 quam
414 1096 484 1174 pro
512 1087 619 1173 parte
650 1070 834 1149 didlorum
869 1073 1116 1151 Dominarum
1141 1073 1304 1172 Prolato-

274 1214 362 1296 rum
386 1189 625 1291 personarum
648 1191 684 1266 cb
708 1190 808 1266 Cleri
831 1189 1089 1289 principalium
1104 1187 1214 1288 super
1229 1192 1306 1274 hoc

270 1308 422 1389 fueritis
446 1309 609 1409 requissti
633 1308 694 1386 seu
713 1310 808 1388 alter
832 1311 993 1389 vestrum
1013 1310 1129 1390 fuerit
1151 1314 1304 1411 requili-

275 1442 338 1507 tus
366 1430 578 1509 immediate
616 1424 848 1525 sequencium
874 1450 1032 1527 quorum
1054 1429 1117 1507 sex
1157 1433 1303 1513 dierum
1366 1482 1370 1491 ι

275 1545 371 1635 duos
403 1570 472 1646 pro
499 1547 621 1647 primo
652 1548 743 1623 duos
775 1567 845 1643 pro
883 1539 1041 1625 secundo
1070 1546 1107 1625 dr
1139 1546 1304 1643 reliquos

276 1668 373 1746 duos
404 1670 480 1747 dies
506 1668 614 1747 vobis
633 1666 811 1746 universis
831 1667 868 1744 dc
891 1666 1039 1770 fingulis
1064 1664 1174 1768 supra
1196 1668 1303 1746 diesis

276 1815 350 1895 pro
372 1797 486 1873 tercio
510 1796 546 1871 dr
566 1793 819 1898 peremptorio
837 1792 996 1869 termino
1022 1814 1067 1870 ac
1097 1792 1306 1871 municione

277 1910 466 1989 Canopica
488 1909 706 2014 assignamus
729 1909 781 1985 ita
803 1923 927 1985 tamen
949 1909 1048 2006 quod
1068 1910 1106 1987 in
1128 1910 1197 2006 hijs
1216 1931 1304 1989 exe·

277 2026 432 2125 quendis
454 2048 547 2103 unus
570 2026 731 2102 vestrum
759 2024 918 2100 alterum
945 2047 1019 2101 nou
1038 2021 1207 2123 expediet
1234 2046 1305 2103 nec

276 2170 453 2246 unuspro
464 2142 908 2241 alioscexcusetprefatos
929 2143 1162 2242 proconsules
1175 2144 1303 2224 consu·
1377 2131 1383 2140 ‘

276 2260 331 2341 ies
348 2258 613 2363 gubernatores
630 2256 666 2331 de
681 2256 778 2332 cives
799 2252 1006 2331 exadverso
1024 2255 1243 2353 principales
1264 2259 1306 2337 in

276 2367 417 2460 corum'
443 2365 605 2473 proprijs
638 2373 801 2472 personis
838 2370 867 2449 fi
899 2370 1060 2467 ipsorum
1101 2370 1305 2469 presenciae
1372 2386 1396 2477 j

278 2492 474 2572 commode
506 2488 644 2566 habere
675 2486 866 2586 poteritis,
888 2486 1051 2586 alioquin
1076 2486 1114 2563 in
1134 2485 1305 2589 hospiciis

279 2604 554 2682 habitacionum
579 2600 832 2681 suarumsrad
856 2623 899 2676 ea
925 2618 1024 2677 tutus
1041 2614 1164 2697 patent
1187 2604 1307 2683 acces·
1333 2599 1361 2633 ³
1387 2645 1389 2650 ·

277 2715 338 2796 sus
365 2719 401 2794 dc
424 2719 462 2794 in
493 2720 696 2815 parochiali
725 2717 788 2794 seu
831 2716 1102 2815 parochialibus
1134 2715 1200 2794 sub
1233 2744 1307 2821 qua

278 2839 342 2916 vel
362 2829 494 2936 quibus
518 2837 658 2937 degunt
678 2835 714 2912 dc
740 2851 934 2916 morantur
954 2832 1005 2913 sm
1024 2851 1147 2916 autem
1164 2838 1203 2914 in
1219 2838 1306 2918 Mc·

278 2953 505 3051 tropolitana
526 2950 801 3053 Magantinndr
825 2949 931 3027 didlis
950 2951 1225 3047 parochialibus
1245 2978 1308 3034 ec·

277 3063 409 3164 elesrijs
443 3064 540 3140 infra
565 3062 751 3140 miliarum
772 3062 985 3141 &aliorum
1002 3063 1214 3143 divinorum
1250 3064 1308 3142 so·

279 3182 445 3279 lempnia
470 3182 556 3257 dum
584 3180 721 3257 ibidem
738 3180 867 3277 populi
892 3179 1090 3257 multitudo
1111 3183 1309 3266 addivina

278 3301 461 3381 audienda
484 3299 544 3374 vel
569 3298 657 3374 alias
690 3296 906 3373 convenerit
927 3294 1055 3393 aliisve
1076 3300 1243 3397 eccleliijs
1270 3306 1309 3383 ἀ

278 3414 370 3494 locis
398 3409 556 3509 publicis
583 3413 630 3486 de
657 3409 789 3506 quibus
815 3408 880 3486 ubi
905 3410 1108 3507 quaudo&
1134 3414 1307 3509 quociens
1398 3500 1401 3503 ,

279 3535 479 3640 expediens
496 3531 613 3609 fuerit
628 3555 675 3610 cx
697 3550 802 3631 parte
817 3532 940 3608 nostra
961 3541 1048 3629 ymo
1070 3534 1194 3616 verius
1210 3534 1309 3613 diuo

276 3667 379 3746 sacre
403 3653 531 3754 synodi
549 3653 697 3753 publice
721 3656 796 3732 alta
821 3652 1096 3753 &intelligibili
1118 3675 1210 3731 voce
1227 3678 1310 3730 mo·

277 3780 394 3864 neatis
420 3777 455 3851 dr
482 3773 677 3872 requiratis
697 3776 818 3871 primo
842 3770 1000 3852 secundo
1021 3774 1135 3870 tercio
1159 3775 1195 3850 dr
1224 3795 1311 3873 per.
1425 3869 1428 3876 Ι

240 3881 246 3899 ’
280 3892 466 3989 emptoria
484 3884 575 3988 quos
600 3911 666 3968 nos
686 3891 799 3966 eciam
818 3886 868 3966 src
888 3889 1110 3987 requirimus
1134 3890 1310 3970 unone·

277 4032 360 4091 snus
395 4004 700 4084 communiter&
733 4004 875 4082 divisim
899 4004 949 4080 eis
983 4005 1313 4088 nichilominus&

279 4144 409 4204 eorum
450 4119 602 4195 cuilibet
630 4119 666 4195 in
701 4123 838 4199 virtute
871 4116 993 4197 senile
1031 4120 1310 4201 obediencie&

277 4237 345 4320 sub
363 4235 752 4319 excommunicacionis
777 4256 996 4337 penquuam
1020 4236 1059 4317 in
1082 4230 1313 4446 finggiileppsex
1403 4289 1407 4299 .
