3409 5117
401 585 472 671 etr
719 581 991 645 m

352 738 445 820 Item
483 727 671 821 statuimus
704 744 915 822 ordinamus
944 765 989 821 ac
1010 740 1076 822 sub
1098 748 1204 845 penis
1223 766 1298 846 pre
1320 768 1378 825 ex·

354 855 481 956 pretiis
503 859 701 937 firmissime
721 862 893 936 volumus
919 859 1130 960 observari,
1157 866 1260 960 quod
1279 862 1378 940 stali-

354 977 447 1072 quie.
474 979 637 1055 uoiirum
673 977 695 1054 i
731 1000 963 1077 quocumque
990 976 1053 1054 seu
1086 981 1379 1079 quibuscumque

350 1095 600 1194 cujuscunque
608 1095 856 1195 premincncie
869 1097 1089 1175 condicionis
1105 1116 1172 1175 aut
1189 1100 1305 1177 status
1318 1119 1378 1175 ex·

223 1299 225 1304 ,
353 1204 486 1285 stiterit
506 1211 566 1285 vel
588 1209 790 1287 exstiterint
821 1226 947 1307 captus
972 1212 1187 1289 vulneratus
1212 1213 1277 1290 seu
1296 1235 1377 1290 ver·

352 1316 501 1398 berctus
531 1324 593 1398 vel
619 1322 707 1398 alias
738 1319 911 1416 injuriose
942 1320 1093 1400 affedtus
1124 1323 1242 1402 fuerit
1281 1322 1376 1402 infra

352 1432 414 1506 vel
436 1445 541 1538 extra
560 1430 748 1507 civitatem
770 1430 1029 1532 Mogontinam
1052 1437 1248 1510 aut-eciam
1270 1432 1373 1509 stali-

355 1546 437 1643 quis
451 1546 512 1621 vel
534 1545 648 1643 aliqui
663 1542 845 1621 ecciesratu
865 1546 1013 1622 domum
1034 1547 1175 1624 curiam
1190 1546 1254 1632 seu
1276 1570 1373 1625 entu-

351 1655 503 1741 nitat'em
526 1660 682 1764 'alicujus
710 1662 942 1740 ecclesiarum
971 1664 1177 1743 nostrarum
1200 1670 1262 1745 vel
1289 1692 1369 1748 mo.
1389 1733 1392 1738 ,

352 1785 594 1866 austeriorum
625 1784 822 1861 intraverit
856 1785 1075 1863 violenciam
1103 1804 1169 1864 eut
1187 1789 1372 1890 injuriam

350 1910 489 1987 ibidem
529 1906 815 1996 committendo,
853 1905 972 1983 autst
1008 1906 1139 2005 aliquis
1179 1933 1228 1987 ex
1267 1918 1371 1995 nobis

351 2009 619 2117 contraius&
651 2011 948 2094 consuetudinem
975 2015 1122 2096 ecclefie
1149 2015 1212 2099 sue
1235 2023 1274 2101 in
1304 2051 1373 2126 qua

349 2138 585 2219 beneficiatus
609 2132 728 2210 existit
747 2134 886 2209 curiam
903 2129 965 2209 seu
979 2134 1369 2223 domumctcustratem

312 2293 315 2304 ι
350 2256 536 2330 violenter
569 2246 632 2325 seu
663 2247 816 2345 propria
855 2249 1057 2326 temeritate
1084 2251 1285 2336 intraverit
1311 2263 1368 2342 vel

349 2368 589 2467 occupaverit
605 2387 671 2443 nos
692 2387 816 2442 omnes
833 2366 869 2440 dr
893 2364 1024 2469 singuli
1046 2368 1083 2444 in
1102 2374 1235 2452 nostris
1256 2383 1367 2459 eccle·

346 2485 405 2584 fiis
431 2487 465 2561 tir
489 2484 714 2580 monasterijs
741 2480 850 2579 super
873 2482 943 2561 hoc
966 2488 1366 2584 requistttrceffabimus

347 2594 523 2672 idivinis
550 2597 624 2670 t'arn
649 2595 712 2668 diu
737 2597 852 2667 donec
872 2595 958 2676 iefis
979 2594 1040 2672 seu
1065 2600 1238 2695 injuriam
1262 2612 1365 2708 paisn

341 2711 565 2806 satisfactum
581 2709 862 2785 &emendatum
883 2710 997 2787 fuerit
1015 2735 1271 2812 competenter
1286 2733 1364 2826 jux·
1384 2819 1390 2825 ,

345 2852 384 2912 ta
414 2828 610 2909 arbitrium
640 2821 880 2903 diffinitorum
913 2826 960 2902 ab
983 2831 1136 2932 ecclefijs
1172 2843 1304 2922 nostris
1325 2863 1364 2925 ut

225 2989 229 2996 ·
343 2946 572 3055 premittitur
596 2938 799 3017 eledierum
826 2935 888 3014 seu
913 2937 1068 3037 majoris,
1091 2950 1207 3041 partis
1234 2976 1363 3037 coruu-

344 3076 452 3157 flem,
484 3064 571 3135 dum
605 3071 726 3156 tamen
763 3052 844 3129 talis
866 3051 910 3130 fit
931 3052 1031 3142 casm
1055 3058 1093 3134 in
1128 3085 1203 3158 quo
1238 3070 1362 3152 caffari

341 3178 450 3282 poffit
480 3172 562 3273 iure
599 3166 834 3264 permittente
873 3166 1036 3262 alioquin
1069 3168 1232 3262 formum
1265 3183 1360 3265 itlius

342 3295 501 3380 canonis
525 3307 648 3367 cetra:
685 3288 729 3361 de
763 3281 884 3359 officio
910 3285 1119 3389 ordinarij,
1144 3292 1360 3384 fiscannium

339 3414 438 3492 libro
458 3409 558 3494 sexto
574 3403 782 3484 tenebimur
805 3398 1014 3479 observare.
1057 3404 1154 3482 item
1172 3403 1358 3495 statuimus

248 3525 250 3530 ’
339 3527 375 3603 d
393 3527 604 3604 ordinamus
622 3543 668 3595 ac
680 3515 926 3612 promittimus
949 3514 1015 3591 sub
1032 3522 1261 3614 prestacione
1276 3531 1357 3610 fidei

338 3638 537 3739 corporali}
563 3630 710 3729 quodsi
742 3629 900 3725 aliquem
929 3645 993 3705 aut
1022 3631 1227 3734 aliquopem
1254 3644 1363 3742 nobis·

335 3766 398 3843 vel
431 3764 529 3837 forte
551 3772 668 3832 totum
704 3749 903 3843 capitulum
939 3747 1362 3856 aiicujus'e'chefiarvtu,

335 3887 540 3968 nostrarum
571 3874 608 3946 in
642 3866 819 3966 prentiffis
849 3867 908 3941 vel
942 3869 1074 3964 atiquo
1096 3876 1354 3968 premifl‘orum

332 3994 557 4095 negligentes
582 3970 639 4057 vei
665 3976 827 4062 remissor
849 3994 914 4052 eut
929 3982 1227 4081 recedentes-'aut
1246 4014 1352 4071 rece.

335 4120 482 4193 dentem
511 4105 715 4204 contigerit
751 4101 932 4195 inveniri,
967 4105 1065 4198 qU⁰d
1099 4103 1164 4192 iile
1197 4102 1360 4206 velitri-

332 4231 395 4331 qui
419 4228 466 4305 stc
483 4224 624 4302 inventi
645 4216 782 4295 fuerint
803 4214 1031 4318 negligentes
1051 4223 1114 4310 ve}
1139 4227 1363 4313 recedentes.

368 4381 370 4388 ·
723 4383 725 4388 ·
1241 4338 1305 4421 seu
