3409 5117
329 663 788 769 quandam-predecessore
807 666 931 744 nostru
950 677 1015 743 aut
1031 662 1112 767 ejus
1130 678 1221 746 tune
1236 660 1367 746 sustu·

329 788 443 865 ritate
460 789 548 862 dum
566 785 660 862 vixit
677 790 739 864 vel
754 784 961 865 infuturum
976 807 999 862 a
1015 783 1122 864 nobis
1142 782 1204 864 seu
1222 785 1367 870 vicario

330 911 457 990 nostru
475 907 570 985 deti
589 904 697 1009 super
711 909 833 991 officio
847 906 1063 990 Notariatus
1078 903 1286 1006 supradiiiu
1298 928 1363 994 exp

331 1034 494 1112 ereenclu
513 1033 681 1133 diligenti
693 1033 861 1113 examine
877 1030 1005 1127 stupas
1021 1027 1369 1129 susetpremisolit.»

331 1166 430 1230 teras
456 1146 681 1230 admissorias
706 1176 751 1231 ae
780 1149 1038 1236 testimoniales
1075 1149 1278 1230 obtinuerit
1301 1165 1370 1230 aut

332 1274 502 1350 uthneat
529 1296 649 1371 neque
665 1296 732 1370 per
752 1292 907 1351 vosaut
931 1271 1091 1371 aliquem
1116 1272 1279 1352 vestrum
1304 1274 1368 1351 vel

332 1417 592 1499 quemcunque
607 1397 721 1473 aliurn
738 1400 785 1474 ad
801 1398 949 1473 eosdem
967 1391 1028 1473 seu
1044 1398 1203 1476 alterum
1231 1415 1367 1476 eurum·

332 1517 420 1595 dem
442 1516 624 1594 habeatur
649 1511 818 1594 recursus
842 1516 1082 1607 decernentes
1102 1518 1242 1598 nullam
1258 1536 1369 1618 pror·
1425 1577 1428 1582 .

331 1633 392 1716 sus
410 1634 517 1711 dietis
533 1633 698 1731 Notarijs
718 1650 784 1710 aut
798 1634 1000 1711 eorundem
1019 1634 1266 1730 instrumentis
1280 1653 1369 1736 eom

333 1755 501 1861 sciendis
516 1745 714 1833 incivitate
732 1754 911 1833 &diocest
928 1755 1057 1834 nostris
1069 1755 1246 1855 predibbis
1259 1756 1296 1832 in
1310 1754 1371 1857 ju-
1429 1784 1432 1792 ·

333 1881 434 1958 dicio
448 1890 514 1951 aut
522 1889 628 1951 extra
642 1874 752 1951 fidem
769 1873 853 1952 fore
868 1873 1113 1952 adhibendam
1133 1881 1252 1976 neque
1267 1869 1372 1953 adhi-

329 1981 420 2088 beri
430 2002 565 2078 debere
578 1999 800 2101 irritumque
815 1997 969 2077 &inane
987 1999 1015 2078 st
1030 1996 1129 2079 serus
1144 2023 1167 2078 a
1183 2019 1371 2103 quoquam

332 2116 537 2219 eontigerit
557 2116 804 2213 attemptari·
848 2111 1002 2214 Insuper
1025 2113 1234 2220 inhibemus
1253 2115 1373 2214 omni·

335 2242 407 2322 bus
428 2234 587 2315 Decanis
610 2232 830 2331 camerariis
858 2230 1045 2309 ruralibus
1068 2231 1291 2311 Resioribus
1310 2255 1372 2312 ee-

336 2359 533 2448 deserum
567 2356 733 2455 plebanis
766 2349 969 2453 ceterisque
1001 2353 1217 2454 presbiteris
1248 2355 1398 2434 nostre

319 2465 508 2579 spirensis
525 2470 685 2553 Diucefis
703 2495 749 2548 ue
767 2467 917 2549 causas
905 2492 988 2568 Jure
1005 2472 1221 2578 decidendas
1239 2469 1328 2550 vel
1315 2493 1373 2574 Jtt·

338 2599 511 2681 dieialam
537 2595 749 2702 indaginem
775 2589 1007 2691 exposcentes
1032 2591 1253 2674 ausioritate
1282 2589 1373 2696 pro'-
1383 2695 1385 2699 Α

339 2716 422 2818 pria
443 2713 617 2828 audiant,
651 2713 822 2789 volumus
849 2713 947 2789 enim
971 2724 1014 2788 ut
1034 2708 1141 2791 cause
1159 2709 1379 2817 hujusmodi

340 2841 387 2918 ad
403 2857 562 2917 examen
577 2823 728 2920 illorum
742 2833 978 2914 remittantur
991 2835 1038 2911 ad
1061 2857 1152 2936 quos
1171 2831 1311 2950 spesist
1328 2833 1375 2924 da

340 2963 422 3063 jure
439 2956 504 3033 vel
519 2952 779 3034 consuetudine
791 2955 937 3033 easdem
956 2955 1160 3038 decidendi.
1211 2945 1329 3036 Item
1317 2986 1374 3048 m

339 3078 512 3161 bibemus
533 3075 645 3154 etiarn
658 3072 724 3152 sub
744 3072 920 3155 situilibus
940 3076 1043 3176 penis
1058 3099 1105 3185 tre
1123 3077 1247 3156 cleriei
1267 3102 1377 3180 perer

341 3198 440 3302 grint
427 3177 638 3297 ‘'seignoti
642 3210 707 3276 aut
722 3197 832 3276 etiam
848 3213 926 3274 nott
915 3195 975 3274 ti
991 3178 1098 3275 extra
1115 3199 1275 3280 nostum
1296 3200 1379 3279 dio·

342 3325 453 3406 selim
468 3318 665 3421 spirensem
685 3324 842 3401 ordinati
870 3320 1004 3423 absque
1022 3319 1158 3404 nostris
1168 3341 1233 3403 aut
1246 3323 1377 3428 vicarii

341 3447 457 3540 nolui
483 3443 788 3534 admissorialibus
816 3444 892 3524 sive
915 3446 1216 3532 testimonialibus
1245 3448 1379 3530 litteris

341 3565 619 3649 nenivitarum
637 3564 1164 3665 celebratlonemaliquatenus
1181 3570 1377 3664 adurittatrr
1485 3629 1487 3633 -

343 3704 406 3778 tur
427 3686 494 3783 nisi
511 3681 807 3772 fuerinthonelii
824 3691 986 3770 viatores
1002 3689 1119 3770 statim
1130 3689 1305 3770 recessuri
1317 3690 1382 3773 sue

342 3808 522 3892 remititte
538 3805 782 3885 testimonium
804 3808 978 3886 habentes
994 3807 1029 3885 iz
1048 3810 1137 3887 alias
1157 3809 1326 3887 habitunt
1343 3808 1382 3887 ἀ

341 3921 532 4005 tonsurans
563 3922 767 4022 deserentes
803 3928 1001 4005 clericales.
1066 3928 1166 4005 'Item
1192 3950 1240 4005 ne
1264 3926 1382 4027 aliqui

341 4050 531 4149 questures
566 4046 643 4126 sive
674 4050 878 4155 terminari]
899 4050 962 4131 seu
986 4049 1234 4154 cujuscunque
1267 4051 1381 4132 etiam

340 4168 576 4276 pruseffiauis
595 4171 760 4279 religiosa
782 4177 1034 4259 meudieantes
1055 4179 1103 4257 al
1126 4177 1291 4282 questum
1315 4173 1380 4261 vti

474 4365 476 4370 .
1262 4289 1339 4384 sle·
