3409 5117
409 694 518 795 Quod
534 688 645 790 stolas
667 694 817 775 sollicite
835 697 997 782 ,visitabo
1010 692 1231 805 scolaresque
1254 728 1368 806 meos

218 814 220 819 ·
335 814 373 892 ᾗ,
389 831 531 888 morum
560 810 868 906 competitione&
891 813 926 888 in
943 812 1136 892 scolasticis
1159 819 1362 917 disciplinis

334 950 445 1028 atque
476 927 648 1007 dostrinis
674 930 830 1036 dirigant
863 934 897 1008 o
924 932 1103 1011 instituam
1132 958 1242 1036 quam
1273 938 1355 1017 dili·

327 1064 478 1153 ¹genter.
610 1121 616 1130 .

385 1285 388 1292 ,
411 1208 521 1311 Quod
546 1209 712 1312 querelas
735 1208 1053 1308 exterispotsonis
1081 1212 1350 1318 quibuscunque

338 1312 473 1408 ὀῠῠῑιῖ
484 1307 661 1418 Dominus
684 1351 783 1405 meos
808 1330 867 1404 vel
892 1330 1058 1425 personas
1079 1332 1185 1426 hujus
1208 1336 1349 1416 ecclefie

338 1464 410 1518 non
431 1434 561 1513 faciam
585 1434 646 1512 sad
673 1437 957 1515 ordinationibus
989 1444 1229 1520 Domitiorum
1254 1470 1348 1522 nteo·

297 1661 300 1669 y
337 1573 443 1648 sum,
475 1533 813 1658 etiamstreoutingat
825 1575 884 1632 ure
898 1555 981 1633 hiuc
994 1560 1116 1652 abire,
1150 1581 1217 1658 per
1234 1564 1348 1639 omnia

339 1676 450 1754 stabo.

266 1889 269 1896 ·
343 1937 346 1943 Ι
415 1843 524 1939 Quod
548 1821 654 1939 hujus
674 1811 776 1917 aiios
797 1840 1068 1919 instrumentum
1093 1843 1279 1940 publicum
1306 1842 1351 1922 iu·

333 1951 397 2033 ita
410 1955 625 2052 quindenam
642 1958 688 2031 ad
706 1975 890 2032 cameram
907 1961 995 2031 meis
1012 1959 1176 2053 luptibus
1194 1965 1299 2035 dabo.
1328 2005 1335 2015 -

603 2138 881 2284 Jurotnenlutu
911 2143 1088 2263 Sacrift.
1178 2163 1181 2167 ’
1315 2123 1320 2136 ’

411 2360 490 2457 Ego
504 2354 551 2431 N.
563 2351 645 2451 juro
660 2352 694 2428 dt
708 2353 881 2448 promitto
897 2354 991 2449 quod
1007 2374 1070 2427 ero
1091 2353 1127 2429 in
1149 2370 1255 2434 antea
1268 2355 1364 2433 ode·

342 2474 385 2549 lis
403 2472 493 2548 ,huic
516 2467 661 2544 ecclelie
685 2468 848 2544 Dominis
870 2490 1013 2564 quoque
1037 2469 1127 2543 meis
1147 2471 1291 2550 Decano
1318 2469 1347 2549 ἀ

342 2589 510 2686 capitulo
524 2610 566 2663 ac
579 2584 724 2687 singulis
742 2584 847 2681 hujus
866 2586 1008 2660 ecclelie
1025 2586 1197 2682 perlinit.
1232 2621 1252 2650 -·
1329 2645 1332 2652 .

416 2752 524 2851 Quod
543 2748 827 2825 ordinationibus
846 2747 1087 2827 Domitiorum
1103 2774 1269 2830 meorum
1281 2754 1351 2830 Dee

341 2868 473 2947 cunio
499 2869 657 2964 Capituli
682 2870 719 2944 in
737 2868 792 2944 his
811 2888 881 2965 que
905 2892 962 2944 rue
985 2888 1232 2969 concernunt,
1255 2868 1345 2947 stabo

332 3005 409 3082 *per
423 2986 543 3063 omnia
554 3002 664 3080 atque
678 2984 827 3082 parebo.

415 3150 523 3249 Quod
542 3149 776 3245 potestatibus
803 3146 988 3224 laicalibus
1012 3162 1138 3225 contra
1170 3146 1345 3226 ecclefiam

332 3272 401 3346 -vel
416 3269 492 3363 ejus
508 3264 677 3363 personas
692 3271 856 3367 querelas
874 3290 945 3345 nou
968 3264 1096 3344 faciam
1119 3266 1180 3344 sed
1195 3272 1241 3344 de
1259 3263 1349 3345 omui

259 3400 263 3407 “
340 3386 524 3485 questione
542 3385 599 3457 vel
618 3387 652 3456 iu
668 3405 725 3457 nte
741 3385 798 3455 vel
818 3382 925 3457 etiarn
943 3403 1007 3476 per
1019 3404 1077 3460 me
1089 3383 1347 3464 movendaDo·

341 3502 524 3583 minorum
540 3519 705 3575 uteorum
723 3497 820 3572 stabo
840 3497 1004 3571 decretis.
1266 3495 1270 3500 ’

413 3655 522 3765 Quod
537 3676 640 3737 extra
649 3658 747 3755 septa
762 3657 868 3758 hujus
881 3659 1025 3770 ecclesie
1043 3657 1269 3750 domicilium
1282 3671 1348 3737 noo

309 3804 312 3811 ’
340 3777 498 3866 habebo,
524 3778 692 3874 quodque
717 3797 784 3871 per
806 3773 960 3872 singulas
977 3774 1099 3850 tractes
1124 3775 1222 3850 intra
1245 3775 1347 3862 eccla·

339 3894 427 3994 fiam
448 3891 625 3967 dormian}
648 3885 720 3964 sine
745 3892 828 3961 dolo
852 3889 885 3960 dt
915 3885 1096 3966 fraude&
1123 3892 1260 3978 nullam
1278 3908 1347 3996 ruo·

340 3997 493 4086 l'iebrem
507 4004 694 4106 personam
705 4026 821 4099 neque
837 3995 989 4082 uxorem
1006 4001 1347 4112 nre'am'adconcuttr

342 4119 1075 4212 bendum·necun'illuc'inuooucam.¹
1210 4129 1214 4136 '
1303 4121 1330 4142 ”

1055 4357 1067 4380 s
1107 4277 1112 4287 Ι
1167 4292 1307 4430 ,ῥυσὰ
