3409 5117
790 576 1059 642 m

265 849 269 869 .
415 799 535 863 mana
556 766 988 884 annus-diverfitnodc
1008 765 1091 880 jam
1113 800 1139 859 a
1163 774 1353 864 Kalendis
1371 776 1444 893 Ja-

292 992 295 1000 ,
415 888 832 1015 nuatiijamaXXV.
845 902 985 1022 Martii
1001 904 1180 1019 incipiat.
1210 908 1316 993 Rem
1337 937 1442 1025 pau-

416 1044 475 1132 cis
502 1040 558 1126 fic
579 1037 763 1149 habeto:
800 1035 849 1121 ln
880 1036 1130 1126 Cancellaria
1157 1043 1226 1129 vel
1262 1042 1441 1132 Camena

336 1230 341 1243 ·
413 1172 660 1293 Apostolica
686 1196 818 1258 annus
841 1198 930 1259 non
953 1175 1100 1290 incipit
1123 1177 1348 1266 alialendis
1367 1177 1440 1294 Ja·
1476 1215 1481 1222 ·

412 1307 546 1397 nuarii
573 1301 643 1388 sed
662 1297 687 1387 a·
708 1299 847 1388 XXV.
874 1302 1055 1415 Martii,'x
1072 1333 1160 1421 quo
1190 1310 1441 1424 Mysteriutn

299 1436 302 1444 ’
413 1440 709 1534 incarnationis
737 1434 982 1524 celebratur.
1041 1438 1130 1528 Hic.
1156 1443 1269 1531 stilus
1297 1467 1439 1536 autem

415 1570 658 1667 observatur
672 1569 784 1683 circa
800 1562 864 1652 eas
889 1564 1087 1657 duntaxat
1106 1576 1438 1676 constitutiones,

412 1725 507 1813 quae
534 1696 715 1783 eduntur
737 1721 815 1810 per
846 1694 1024 1802 Bullam,
1061 1703 1126 1785 uti
1147 1698 1322 1806 dicitur,
1350 1728 1439 1787 non

274 1819 278 1827 ’
410 1829 513 1918 item
530 1822 758 1950 circa-illas,
785 1852 881 1942 quae
904 1830 949 1913 in
962 1821 1099 1917 forma
1123 1829 1264 1917 Brevis
1286 1830 1438 1919 dantur

410 1956 484 2047 flul>
503 1956 675 2045 Annulo
692 1945 975 2044 Piscatoris'ad
997 1957 1313 2075 supplicantium
1340 1987 1437 2074 pre·

411 2120 479 2182 ces
493 2092 561 2181 vel
577 2091 669 2179 alias
686 2112 809 2177 motu
829 2093 1009 2206 proptio
1028 2092 1110 2179 line
1122 2091 1331 2182 consuetis
1346 2088 1438 2178 Bul·

338 2239 349 2270 ‘
409 2230 542 2315 larum
575 2220 891 2314 solennitatibus
914 2219 1198 2340 expediuntur
1210 2284 1228 2328 ,t
1269 2225 1437 2309 namin

408 2352 473 2442 his
490 2377 646 2440 annum
670 2346 904 2463 constanter
930 2347 1179 2437 inchoantur
1200 2379 1223 2437 a
1244 2342 1436 2433 Kalendis

408 2488 610 2607 Jonuarii,
663 2481 718 2569 I-n'
740 2477 860 2566 netis
885 2479 955 2570 SS.
985 2469 1067 2569 loc.
1098 2482 1218 2600 supra
1242 2483 1313 2566 cit.
1336 2486 1442 2596 pag..

297 2627 312 2650 ·’
407 2648 506 2731 214.
528 2617 581 2707 td
604 2614 899 2734 quaestionent,x
934 2640 1023 2730 quo
1051 2615 1218 2727 praecise
1242 2625 1436 2723 tempore

407 2749 507 2837 usus
526 2747 607 2835 hic*
625 2750 669 2833 in
704 2742 832 2831 Curia
869 2742 1115 2849 invaluerit?
1157 2737 1438 2857 responfionis

407 2878 505 2967 loco
522 2902 693 2967 notatur
702 2908 717 2965 t·
746 2876 961 2964 Romanos
976 2872 1436 2990 Pontificespostquam

405 3010 661 3128 praetitulare
690 3009 769 3097 sese
798 3034 1018 3126 coepetunt
1049 3010 1243 3097 stabiliter
1279 3005 1435 3111 Servos

405 3142 639 3229 Servorum
657 3140 738 3227 Dei
755 3141 798 3229 &
815 3168 912 3227 cum
930 3169 980 3228 eo
1002 3144 1123 3229 titulo
1141 3163 1298 3227 nomen
1314 3121 1435 3222 suunt

406 3277 486 3362 suis
503 3275 663 3394 scriptis
685 3295 934 3393 praeponere
950 3276 1203 3386 hoomodo:
1237 3276 1296 3361 N.
1326 3273 1432 3391 Epi·-

394 3400 557 3515 ‘scopus
580 3401 723 3489 servus
744 3402 961 3493 servo-rum
990 3402 1097 3508 Dei⁷
1134 3402 1315 3491 eundem
1336 3428 1435 3487 mo·

405 3534 510 3621 (lum
536 3532 708 3620 tenuisse
733 3534 945 3650 usquead
979 3538 1141 3622 initium
1170 3534 1291 3622 seculi
1316 3538 1433 3636 XIV,

403 3661 574 3776 quando
593 3665 791 3753 Clemens
804 3666 858 3753 V.
878 3658 1063 3781 Joannes
1080 3668 1202 3777 xilll.
1223 3664 1429 3774 Martinus

402 3789 458 3881 V.
474 3796 691 3917 Eugenius
706 3809 773 3885 lV.
784 3766 1085 3891 blemensvll.
1101 3797 1434 3888 Paulustuure.
1478 3857 1481 3864 ,

302 3945 305 3951 ·
372 3948 380 3957 ·
401 3928 527 4017 vibus
544 3934 759 4046 nonnullis
775 3932 845 4018 seu
860 3933 1020 4051 scriptis
1037 3937 1175 4022 minus
1193 3928 1431 4022 solennibus

375 4088 623 4180 coeperunt
645 4095 894 4185 praeponere
922 4096 1077 4155 nomen
1103 4069 1220 4157 suum
1250 4094 1348 4186 com
1377 4068 1427 4151 ti·

404 4192 492 4282 tulo
515 4194 634 4315 Papae
661 4197 904 4288 &numero
928 4200 1129 4307 nominis,
1157 4196 1250 4286 hoc
1273 4192 1428 4281 modo:

1261 4342 1262 4345 ‘
1277 4328 1373 4419 Cle·
1389 4410 1395 4416 ,
