3409 5117
393 547 464 624 ¹9⁰
574 595 580 617 Ι
718 530 992 595 m

339 693 475 772 tollat·
489 688 647 791 suffulti,
679 692 835 791 prefato
860 692 1022 771 Domino
1047 690 1215 792 Abbati,
1249 695 1362 777 omni·

247 892 252 899 ,
339 804 479 905 busque
494 808 570 903 eius
597 807 770 909 legitimis
792 805 1051 888 successoribus
1070 809 1312 906 imposterum
1329 815 1362 894 iu

338 920 640 1025 officiidignitate
659 918 902 1017 sufficiendis,
934 921 1089 1018 praesata
1108 922 1266 1028 insignia
1281 917 1375 1007 'con--

335 1034 505 1134 ferimus,
527 1035 844 1136 manserimus,
868 1038 912 1114 iis
929 1058 1002 1136 quo
1017 1039 1219 1117 utantur&
1238 1040 1362 1122 fruun-
1397 1083 1400 1092 ,

335 1165 413 1252 tur,
437 1153 485 1228 ad
498 1150 644 1247 quasvis
657 1150 735 1229 suas
752 1153 1045 1250 opportunitates
1062 1150 1099 1226 u
1114 1153 1270 1249 placita,
1281 1176 1362 1233 cunt

268 1323 271 1334 .
337 1269 440 1346 omni
465 1268 571 1365 jure,
601 1268 822 1370 privilegio,
848 1266 1040 1361 libertate,
1073 1266 1361 1347 immunitate&

335 1381 616 1484 prerogativis,
653 1382 786 1479 quibus
810 1382 874 1458 alii
894 1399 969 1457 tam
995 1382 1230 1461 Ecclesiastiei
1252 1406 1360 1486 quam

333 1501 523 1582 seculares
537 1502 734 1605 infignibus
752 1503 876 1605 donati
893 1500 928 1577 tiz
945 1503 1108 1580 decorati
1121 1508 1288 1607 gaudent
1299 1521 1360 1585 aut

333 1613 497 1716 gaudere
511 1607 668 1710 poliunt,
690 1618 735 1689 de
749 1610 1008 1689 consuetudine
1031 1615 1090 1689 vel
1111 1615 1274 1714 dejure.
1324 1615 1359 1696 Si

334 1727 608 1825 verocuiquam
625 1726 815 1806 Abbatum
829 1726 1357 1835 succepentiumpropriagen·
1395 1747 1400 1754 ·

335 1842 444 1919 tilitia
457 1838 594 1916 suerint
610 1841 782 1945 insignia,
804 1841 976 1940 exempto
996 1845 1032 1920 in
1048 1845 1245 1923 medietate
1270 1845 1357 1927 scuti

333 1956 499 2058 appostto
515 1957 626 2033 corde
642 1954 704 2034 sua
724 1977 764 2036 ut
782 1956 915 2036 inserat
932 1960 1183 2061 indulgemus,
1210 1961 1249 2053 u,
1267 1965 1357 2041 libe·

332 2095 420 2153 rum
443 2067 513 2148 effe
530 2072 720 2165 volumus,
748 2071 783 2148 u
807 2073 886 2149 hae
905 2072 1052 2170 quidem
1079 2071 1151 2150 sme
1172 2080 1357 2156 contradi·

333 2186 457 2267 aione
474 2182 732 2285 cuiuscunque,
748 2187 785 2263 id
798 2184 1009 2263 submultla
1025 2187 1355 2290 priuilegionostro

334 2299 499 2385 Caesareo
514 2300 682 2396 delinita,
707 2301 785 2379 aliis
804 2318 946 2397 tamen,
974 2302 1036 2401 qui
1052 2300 1228 2381 fimilibus
1249 2324 1357 2385 utun·

269 2436 272 2442 ·
333 2437 398 2498 tur
408 2418 520 2495 armis
536 2413 674 2512 absque
687 2418 920 2515 praejudicio,
947 2436 1075 2496 tenore
1099 2420 1232 2499 harum
1258 2424 1354 2504 litte·

332 2557 476 2625 rurum,
500 2554 589 2629 quas
602 2556 712 2609 manu
729 2536 850 2613 nostra
866 2532 1151 2635 subscripsimus,
1164 2525 1355 2645 sigillique

332 2649 552 2731 Palatioatus
583 2649 695 2726 nostri
730 2650 892 2729 consueti
923 2651 1143 2748 appenfione
1176 2666 1356 2738 corrobo.

251 2853 255 2858 ¹
332 2761 412 2840 rari
435 2754 607 2855 julllmus.
673 2760 812 2837 Datum
838 2761 934 2839 Prid.
964 2763 1061 2839 Non.
1086 2765 1230 2860 Aprilis
1265 2769 1353 2849 fello

244 2889 246 2894 ⁴
313 2873 384 2951 'D.
406 2864 574 2971 Ambrofii
598 2869 770 2947 Dostoris
791 2871 956 2950 Ecclestae
980 2876 1091 2952 Anno
1112 2874 1132 2951 l
1151 2879 1356 2961 Nativitate

332 2982 540 3169 Servatus&
564 2984 676 3061 nostri
703 2984 900 3063 Millefimo
931 2983 1187 3069 sexcentefimo
1212 2993 1354 3073 decimo

332 3097 475 3194 quinto.
538 3114 571 3171 e.
1094 3147 1096 3151 -

588 3257 816 3363 Augustinus
835 3258 1046 3339 Widetinus
1062 3261 1109 3338 ab
1127 3261 1353 3352 ottersoacn

698 3375 830 3454 Comes
850 3375 1029 3457 Palatinus
1045 3400 1168 3479 mppr.
1317 3379 1320 3384 ’
