3409 5117
626 539 898 602 mm
1073 585 1078 593 .
1164 560 1237 638 3¹7

240 711 373 796 'forma
384 710 494 812 hostis
509 711 659 790 humani
669 713 814 814 generis
832 714 1023 811 dyabolica
1033 717 1165 799 fraude
1177 672 1288 800 aver·

244 836 297 907 tit
314 834 417 909 acad
432 827 614 904 nrultasdr
632 827 751 902 varias
770 828 978 927 iniquitates
1004 837 1288 934 nephandosque

243 952 354 1028 aelus
370 946 620 1025 deduxitadeo
640 946 785 1045 quidem
806 965 847 1023 ut
864 952 1030 1050 plerique
1044 953 1212 1032 ebrietati
1228 956 1287 1034 su·

245 1071 381 1166 perbie
399 1065 626 1161 impudicitia
640 1066 915 1163 incontinentia,
938 1072 999 1169 alij
1021 1073 1294 1152 commessatio·
1374 1095 1377 1106 ’
1467 1084 1471 1093 ’

244 1186 358 1264 nibrrs
390 1177 619 1276 blasphemiis
651 1181 823 1278 corruitijs
864 1184 955 1260 rixis
987 1190 1121 1285 reliqui
1167 1192 1285 1269 eciam

246 1298 386 1380 soranis
404 1298 491 1394 jocis
505 1295 598 1369 ludis
614 1290 818 1393 ceterisque
833 1296 982 1375 infinitis
997 1300 1145 1406 flagitiis
1162 1306 1282 1382 stude·
1365 1299 1368 1308 ‘

250 1441 297 1498 re
314 1440 388 1493 non
405 1416 568 1492 abnuant
586 1428 714 1489 contra
738 1412 953 1510 apostolicas
971 1417 1112 1511 pariter
1126 1420 1160 1496 dc
1176 1436 1287 1498 cano-

245 1543 351 1620 uicas
367 1535 595 1626 traditiones,
619 1528 763 1609 eosdem
777 1532 892 1632 igitur
909 1550 949 1610 nt
965 1539 1151 1615 valeamus
1162 1543 1208 1616 ad
1228 1564 1287 1619 re·

247 1656 311 1731 ere
336 1651 488 1727 vivendi
508 1651 606 1726 viana
626 1652 806 1728 reducere
829 1648 865 1721 dr
889 1652 1097 1753 postergata
1116 1673 1282 1750 peccato-

247 1795 338 1854 rum
357 1769 495 1846 sarcina
519 1764 582 1846 suo
609 1788 650 1844 re
673 1766 861 1847 conciliari
883 1767 1051 1863 aurion,
1079 1770 1140 1848 hic
1164 1773 1286 1851 noster

246 1892 361 1970 labor
379 1885 429 1960 esi
456 1884 527 1959 hoc
547 1907 661 1980 onus,
693 1884 741 1959 ob
765 1885 803 1959 id
828 1885 863 1959 a
888 1884 1082 1983 plerosque
1107 1886 1284 1965 sinodales

246 1999 438 2106 processus
460 2023 504 2076 ac
524 2000 596 2075 alia
623 2003 793 2077 mandata
816 2016 943 2098 preter
971 2000 1124 2081 &ultra
1152 2006 1285 2082 statuta

248 2120 497 2223 provincialia
512 2114 667 2215 desuper
688 2119 803 2194 eciarn
828 2116 1025 2195 salubriter
1047 2121 1284 2215 providentes

248 2237 362 2315 vobis
379 2232 465 2331 sepe
477 2227 594 2328 sepius
606 2254 692 2331 ymo
705 2229 852 2334 sing-ulis
870 2228 1104 2308 sacrosanctis
1118 2233 1284 2311 celebra-

247 2355 297 2433 tis
316 2350 516 2438 inuncata,
542 2348 629 2444 qnid
657 2349 789 2446 cuique
809 2351 995 2447 agendum
1020 2348 1297 2444 vitandumque»
1357 2379 1372 2391 ⁴
1479 2330 1482 2334 ’

239 2468 352 2549 foret
367 2467 493 2545 sedulo
508 2463 688 2541 enriflmus
705 2463 904 2559 publicari,
932 2463 1063 2560 quibus
1079 2467 1193 2541 eciam
1210 2487 1285 2541 non

240 2611 388 2691 paucos
409 2586 595 2683 speramus
617 2598 781 2661 errantes
806 2586 853 2661 ad
878 2584 1164 2662 redditudinisdt
1192 2590 1284 2664 bene

241 2705 576 2790 vivendisemiram
587 2701 657 2793 Dei
669 2702 789 2803 gratia
805 2700 1001 2798 reduxisse,
1013 2705 1173 2803 reliquos
1187 2728 1285 2784 nunc
1357 2699 1360 2704 ’

239 2834 364 2914 etiam
382 2825 636 2925 pariformiter
659 2837 772 2918 prout
787 2845 834 2898 ex
854 2821 1019 2921 'injundie
1041 2824 1145 2900 nobis
1166 2824 1285 2921 pallo·

238 2956 339 3035 ralis
362 2945 545 3048 dignitatis
560 2941 795 3019 solicitudine·
807 2943 1017 3042 obligamur
1033 2946 1212 3021 reducere
1228 2945 1283 3021 af·

239 3072 448 3164 feciamus,
472 3090 517 3141 ne
537 3061 619 3159 ipsis
637 3084 839 3158 eorumque
855 3060 1018 3153 lascivie,
1044 3083 1114 3159 quc
1130 3066 1284 3160 gravio.
1353 3149 1357 3156 ,

237 3194 281 3270 ri
300 3190 413 3265 etiarn
427 3179 680 3259 emendatione
698 3178 806 3279 digna
820 3178 1059 3254 foretdiutius
1071 3181 1284 3278 delinquen·

242 3313 414 3389 diderat
431 3302 595 3393 occario,
614 3289 757 3376 cosdan'r
771 3300 889 3403 igitur
906 3298 1090 3396 processus
1109 3325 1283 3385 unacum

236 3435 440 3517 sacrorum
456 3426 646 3501 Canonurn
665 3422 884 3519 Patrunrque
908 3419 1153 3499 sanilionibus
1173 3441 1283 3523 atque

235 3528 543 3650 ,Provincia'nous
558 3541 694 3619 statutis
715 3543 889 3639 prerasiis
908 3540 1064 3638 desuper
1081 3560 1122 3618 ut
1139 3543 1284 3640 prefer·
1413 3537 1416 3543 ’

238 3694 314 3753 tur
338 3664 547 3746 luculenter
569 3661 849 3758 providentibus
870 3662 1008 3736 dudum
1031 3658 1173 3749 crebris
1195 3664 1286 3741 vici·
1363 3748 1366 3758 Ι
1411 3708 1438 3730 ι.

237 3792 352 3871 busa
364 3781 469 3862 nobis
483 3786 656 3880 repetitos
677 3780 852 3892 verum&
868 3780 987 3857 denuo
1004 3796 1175 3877 repetere
1185 3780 1284 3859 haud

239 3912 408 3992 dubium
426 3908 608 3982 credimus
630 3902 891 4000 profuturum,
925 3901 1120 3979 adicientes
1145 3900 1286 3981 eisdem
1330 3897 1332 3901 ⁸

239 4046 324 4113 duo
342 4033 521 4129 precipua
543 4028 579 4103 in
598 4026 728 4133 eildenr
746 4024 895 4103 clariori
916 4047 961 4101 ac
976 4023 1171 4102 maturiori
1191 4020 1280 4099 deli·

239 4154 446 4238 besarione.
462 4144 648 4275 expressa,
661 4149 838 4267 >primm
860 4170 906 4233 ne
928 4146 1055 4268 clerici
1077 4144 1284 4226 beneficiati
1373 4149 1375 4154 ’

1114 4260 1117 4266 ’
1172 4259 1236 4341 sua

1347 1737 1353 1770 l
