3409 5117
627 564 913 632 m!
1157 581 1229 659 ηας

229 722 290 801 in
313 724 435 804 aliena
455 723 587 806 diocesi
607 724 816 806 ordinatum
835 724 901 806 nisi
922 716 1150 807 adnsilhonis
1168 727 1231 808 sue
1254 750 1279 810 a

247 845 357 920 nobis
379 846 438 919 vel
459 846 600 921 vicario
618 844 740 923 nostro
759 845 882 920 literas
908 859 1072 943 patentes
1094 847 1227 927 habeut
1241 847 1279 926 dc
1383 869 1386 880 ¹

248 958 497 1036 ostendatnon
515 964 698 1059 expiratas
715 961 976 1059 quoquomodo
985 960 1179 1042 admittere
1194 985 1283 1061 pre·
1373 1027 1375 1030 .
1437 1004 1441 1013 ,

247 1074 382 1156 sumat.
440 1080 593 1178 Insuper
620 1076 913 1179 predecessorum
938 1082 1145 1159 nostrorum
1168 1084 1278 1163 velli·

248 1192 320 1295 gijs
331 1192 538 1274 inherentes
548 1197 784 1294 precipimus,
801 1210 842 1270 ut
851 1193 1160 1301 omnesdsmgun
1170 1200 1278 1279 cleri·

248 1310 284 1384 ei
318 1310 524 1388 beneficiati
554 1314 759 1390 nostrarum
788 1311 958 1390 Civitatis
990 1314 1205 1395 &diocesis
1241 1317 1280 1397 dt

247 1420 441 1527 signanter
460 1427 727 1524 parochialium
746 1421 978 1506 ecclesiarum
996 1429 1173 1509 Reslores
1201 1429 1294 1513 hve-

248 1542 424 1645 perpetui
443 1543 572 1641 uictrij
587 1546 633 1623 ad
652 1543 797 1622 ordines
820 1546 868 1620 ad
888 1563 979 1641 quos
1002 1569 1130 1626 eorum
1152 1547 1279 1647 requi·
1387 1616 1388 1619 a

248 1678 340 1741 runt
356 1659 533 1744 beneflcio
547 1661 583 1741 se
603 1676 804 1761 procurent
817 1661 996 1759 proximis
1012 1685 1034 1738 a
1053 1660 1134 1759 jure
1147 1669 1195 1742 ud
1206 1666 1279 1743 hoc

249 1783 392 1864 statutis
411 1782 640 1880 temporibus
668 1782 852 1873 ordinari,
885 1778 1089 1886 lingo-iique
1112 1787 1278 1866 ecclessa·

248 1923 334 1981 rum
351 1897 620 1995 parochialium
639 1894 769 1997 v‘icarij
787 1898 958 1994 perpetui
978 1917 1090 1997 penes
1112 1901 1277 1980 ecclehas

249 2037 408 2115 quarum
425 2034 553 2094 curans
568 2012 705 2093 babere
723 2015 856 2089 debent
876 2012 1087 2094 continuam
1107 2017 1278 2116 persona·

247 2134 323 2212 lem
337 2130 568 2209 residentiam
588 2126 723 2234 saciant
748 2127 813 2205 mn
836 2126 883 2205 de
906 2126 1027 2206 nostra
1045 2130 1281 2229 permiffionc

248 2250 446 2329 &licentia
460 2248 606 2348 speciali
623 2252 667 2324 de
684 2246 718 2325 sb
735 2245 843 2346 snper
857 2242 1033 2344 premillis
1053 2272 1122 2347 per
1139 2254 1278 2334 nostrat

248 2383 416 2466 patentes
448 2369 589 2446 litteras
622 2365 815 2441 docuerint
846 2360 883 2439 se
919 2358 1000 2436 sore
1029 2361 1279 2467 supportatus,

245 2484 412 2583 alioquin
430 2481 613 2562 omnes&
635 2480 795 2583 fingulos
821 2479 1055 2581 inpremillis
1078 2486 1137 2563 vel
1159 2488 1277 2569 altero

245 2624 378 2681 eorum
398 2595 599 2700 culpabiles
620 2600 656 2677 dr
678 2598 905 2700 negligentes
924 2621 1082 2687 exnunc
1101 2619 1214 2699 prout
1230 2625 1279 2685 ex

247 2733 336 2798 tunc
351 2719 373 2797 b
388 2716 522 2796 divinis
539 2714 986 2814 officijsdzaperceptione
998 2715 1185 2799 lrusluum
1196 2725 1279 2801 illo·

245 2858 331 2916 rom
348 2834 612 2913 beneficiorum
629 2825 812 2930 suspensos
823 2827 892 2910 else
905 2823 1278 2935 volumusdzsuspen.

243 2954 365 3030 dimus
375 2970 442 3048 per
456 2947 654 3049 presentes.
692 2946 1277 3034 Pretereavolumus‘dzdillinsie

244 3066 397 3172 sngulis
414 3086 715 3166 quarumcunque
735 3062 999 3162 parochialium
1018 3063 1198 3144 dislarum
1216 3093 1276 3148 ec·

244 3179 436 3280 clessurum
457 3177 615 3255 civitatis
633 3176 668 3252 dt
688 3173 835 3252 diocesis
853 3175 1083 3255 ecclesiarum
1103 3177 1276 3268 Retron·

243 3299 312 3378 bus
321 3293 489 3397 plebanis
498 3295 580 3371 uice
588 3291 751 3389 plebanis
761 3314 804 3368 ac
815 3282 1014 3369 eorundem
1030 3292 1111 3370 loca
1120 3294 1275 3372 tenenti·

245 3412 314 3491 bus
327 3403 595 3508 precipimus&
614 3403 839 3493 mandamus,
852 3417 1029 3500 quatenus
1047 3401 1200 3500 quilibet
1214 3426 1276 3478 oo·

241 3510 329 3615 rum
343 3530 383 3605 in
403 3508 480 3628 ejus
498 3523 646 3603 ecclesa
661 3526 748 3599 dum
764 3518 855 3596 inibi
870 3522 998 3618 populi
1015 3508 1212 3601 multitudo
1226 3519 1276 3598 ad

242 3639 373 3723 divino
387 3626 567 3716 audienda
581 3646 805 3737 congregata
817 3627 930 3707 fuerit
947 3631 1064 3708 tribus
1081 3627 1140 3708 nel
1156 3627 1275 3737 pluri·

242 3755 313 3833 hus
333 3752 525 3831 dominicis
548 3750 675 3830 diebus
703 3764 769 3824 aut
788 3744 926 3822 festivis
950 3747 1030 3843 poll
1046 3738 1275 3845 presentium

241 3852 532 3972 publicationem
557 3861 766 3941 immediate
793 3856 1025 3958 sequentibus
1051 3847 1275 3937 subditos&

238 3980 486 4079 parochianos
524 3977 606 4055 suos
640 3998 688 4052 ne
714 3973 988 4051 matrimonium
1017 3972 1275 4051 contrahentes

240 4111 328 4172 ante
362 4089 575 4192 hujusmodi
600 4086 826 4189 matrimonij
859 4085 1211 4185 solempnisationem
1235 4084 1272 4163 se
1373 4130 1374 4135 κ
1421 4103 1424 4120 ·

241 4197 442 4302 carnaliter
457 4200 678 4307 cognoscere
702 4218 767 4281 aut
782 4200 850 4280 fibi
878 4201 1037 4294 invicem
1057 4201 1282 4281 cohabitare·

294 4328 383 4420 Tm
405 4326 508 4431 ml.
840 4323 867 4402 P
1137 4345 1222 4423 pre-
