3409 5117
675 567 944 631 m
1198 579 1261 667 ‘47

275 717 352 803 ‘bet
366 725 549 804 movenda
562 727 660 824 apud
680 723 857 830 Dominos
872 747 971 803 meos
986 693 1173 807 Decanum
1190 719 1308 812 &Ca-

277 838 446 932 pitulum
462 839 705 935 appellatione
719 856 860 914 remota
869 838 1039 937 justitiam
1056 845 1228 944 recipiam
1242 835 1308 928 nili

277 971 353 1059 'per
368 959 513 1039 eosdem
529 960 642 1039 suerit
653 960 741 1037 mihi
756 959 888 1056 justitia
903 964 1046 1039 notorie
1065 965 1254 1072 denegata.

365 1127 477 1225 Quod
500 1126 821 1222 ecclefiammeam
847 1122 920 1199 sme
941 1124 1111 1232 consensu
1130 1132 1306 1212 Domino·

284 1254 369 1315 rum
385 1264 552 1320 meorum
570 1241 757 1322 Decanldz
776 1241 937 1341 Capituli
961 1263 1145 1346 nunquam
1158 1272 1306 1350 permu-

276 1357 366 1434 tare
379 1356 599 1456 presumam.

357 1522 469 1619 Quod
502 1524 640 1601 curiam
670 1543 790 1601 meato
821 1521 1089 1622 parrochialem
1119 1526 1158 1609 in
1183 1530 1306 1617 debita

283 1639 468 1721 ornatura
482 1645 627 1722 tenebo.

274 1847 283 1862 .
359 1808 470 1907 Quod
494 1807 602 1905 super
624 1804 800 1904 premissis
823 1807 1043 1886 omnibus&
1065 1808 1212 1913 fingaris
1230 1840 1304 1897 non

281 1922 416 2010 faciam
431 1955 574 2009 mecum
590 1954 658 2028 per
671 1931 829 2027 aliquam
845 1928 1087 2028 majoritatem
1108 1932 1305 2033 dispensari

281 2064 402 2141 neque
425 2046 682 2143 dispensatione
704 2066 787 2125 utar
803 2052 913 2128 etiam
935 2046 961 2123 li
985 2069 1056 2148 qua
1079 2065 1182 2128 motu
1212 2077 1300 2153 pro·

279 2159 365 2255 prio
382 2162 472 2238 mihi
489 2165 785 2276 concederentur.
899 2245 903 2251 ἱ
928 2209 945 2216 —-

355 2327 465 2425 Quod
488 2327 597 2426 hujus
616 2326 717 2406 atius
738 2324 1016 2405 instrumentum
1038 2325 1257 2425 publicum'
1243 2353 1300 2409 sn·

277 2442 339 2522 fra
354 2444 571 2541 quindenam
584 2448 672 2524 meis
689 2443 754 2522 sub
771 2445 932 2544 expensis
948 2447 995 2522 ad
1011 2447 1202 2596 Camenam
1214 2468 1300 2546 pra·

279 2566 446 2644 sentabo.

552 2686 831 2811 [intumentum
857 2629 1043 2785 Reiioris.

355 2867 436 2970 Ego
457 2872 504 2948 N.
519 2872 603 2984 juro
621 2872 655 2946 oz
673 2873 873 2969 promitto,
899 2875 996 2973 quod
1012 2876 1048 2950 in
1063 2890 1165 2951 antea
1180 2896 1243 2951 ero
1258 2876 1301 2955 fi·

280 2988 371 3064 delis
389 2989 473 3070 huie
493 2993 636 3067 ecclefie
654 2986 688 3062 d
709 2986 874 3064 Dominis
892 2992 980 3068 meis
1002 2993 1046 3068 de
1066 2989 1237 3089 capitulo
1252 2997 1301 3072 ad

282 3124 550 3200 quemcumque
564 3107 690 3182 ilatum
709 3123 926 3197 pervenero.

353 3269 464 3368 Quod
495 3264 671 3340 mandatis
695 3264 941 3343 Dominarum
965 3285 1133 3349 meorum
1155 3280 1300 3348 conna-

277 3385 409 3461 venire
425 3403 497 3456 non
518 3377 735 3476 presumam.
782 3407 806 3476 '.
1306 3385 1309 3393 “

349 3548 462 3646 Quod
477 3544 650 3620 uallatus
671 3545 887 3641 capitulares
904 3540 930 3617 ss
947 3549 1077 3617 eorum
1096 3543 1156 3618 vel
1180 3564 1226 3621 ex
1242 3545 1297 3622 of·

268 3667 364 3746 'ficio
382 3668 440 3741 vel
455 3666 542 3742 alias
558 3668 605 3742 ad
621 3688 680 3743 me
694 3670 906 3763 pervenerit
925 3664 1076 3761 notitia,
1096 3687 1169 3742 non
1189 3686 1298 3744 reve·
1387 3769 1390 3776 Ι

275 3780 378 3861 labo.

307 3943 462 4044 Quod
481 3935 668 4020 Dominos
682 3934 782 4021 meos
806 3937 1046 4038 Decannmdr
1072 3913 1300 4047 capitulares

278 4055 488 4157 ceterasque
504 4062 610 4178 hujus
633 4060 754 4139 eccles
759 4082 778 4136 e
803 4059 999 4157 personas
986 4086 1026 4143 m
1046 4057 1226 4165 condigna
1240 4081 1300 4141 re·

280 4183 447 4259 verentia
465 4182 502 4258 dr
516 4167 751 4262 veneratione
767 4180 913 4262 tenebo.

1141 4375 1252 4478 ΟΜ
