3409 5117
691 513 996 594 'mma
1254 544 1322 623 175
1446 485 1449 498 ’

336 664 523 776 suillum
548 687 719 802 savorem
755 679 794 766 dr'
821 684 1010 767 confilium
1043 689 1225 788 prestent.
1274 691 1377 794 Quin

338 815 417 892 imo
434 813 487 890 eis
504 826 676 908 tanquam
694 804 882 886 catholicis
897 804 933 879 dr
948 799 1088 882 Sanciae
1108 806 1224 886 Matri
1237 807 1376 886 Roma-

337 952 394 1008 nae
409 922 579 1006 Eccleliae
595 920 890 1019 obedientilllmis
907 922 1006 1000 omni
1024 920 1172 1002 consilio
1190 920 1323 1001 favore
1338 925 1378 1004 ά

339 1048 507 1142 potentia
524 1037 701 1129 allidant,
734 1055 848 1135 prout
863 1037 900 1116 in
919 1039 1048 1118 nostris
1066 1039 1199 1120 litteris
1218 1037 1376 1140 desuper

339 1158 517 1242 confessis
533 1156 676 1256 plenius
692 1154 937 1245 continetur..
970 1156 1055 1257 Quo
1077 1156 1176 1236 circa
1198 1154 1373 1235 fraterni.
1483 1253 1489 1261 ἱ

338 1276 404 1351 tati
422 1275 553 1351 vestroe
567 1292 635 1371 per
658 1267 871 1368 Apostolica
895 1263 1029 1366 scripta
1040 1273 1268 1367 mandamus,
1285 1269 1376 1374 quo:

338 1404 445 1467 tenus
473 1411 539 1463 vos
563 1387 623 1462 vel
649 1385 744 1461 alter
767 1380 974 1459 vestrumst
996 1381 1030 1460 dr
1055 1384 1244 1485 postquam
1265 1389 1373 1470 didiae

336 1487 474 1581 llrterae
490 1499 594 1578 vobis
609 1492 835 1598 praesentate
849 1490 1004 1589 fuerint,
1018 1518 1087 1595 per
1105 1520 1171 1576 vos
1188 1499 1248 1578 vel
1257 1500 1372 1584 alium

339 1611 400 1690 seu
416 1611 510 1689 allos
538 1607 630 1708 ipsos
651 1609 790 1683 litteras
812 1626 857 1681 ac
883 1605 1004 1682 omnia
1021 1606 1057 1683 dr
1077 1607 1217 1711 fingula
1236 1612 1372 1716 inillis

338 1741 510 1805 contenta
528 1725 565 1801 in
585 1720 676 1798 dieti
689 1718 861 1819 regniac
874 1718 1031 1796 aliarum
1050 1721 1211 1819 portium
1235 1721 1373 1805 vicina-

337 1857 424 1916 rum
439 1831 609 1931 occlesris3
629 1829 819 1908 dominicis
837 1828 1044 1930 ofellius,
1068 1833 1279 1938 ceterisque
1296 1842 1374 1917 die·

338 1950 407 2027 bus
431 1948 577 2046 quando
601 1944 637 2021 dr
658 1943 798 2044 quoties
821 1940 927 2019 vobis
964 1940 1152 2050 videbittn
1173 1946 1372 2035 solenniter
1461 1992 1473 2022 t

337 2066 535 2168 publicetis
551 2060 586 2138 ἀ
602 2060 791 2157 exponatis
818 2054 880 2135 seu
899 2057 1080 2158 publicari
1103 2066 1238 2162 exponi
1256 2066 1367 2150 socia·

336 2146 1371 2271 tisutmeliusdrclariusintclligatutabomnibusetiam

337 2293 376 2372 io
397 2289 548 2392 vulgari
564 2287 597 2363 dr
611 2287 700 2363 nihil
719 2284 861 2361 ominus
880 2285 1060 2378 quaslibet
1082 2269 1253 2385 personas
1280 2317 1371 2391 quas

339 2400 725 2483 excommunicationis
756 2395 969 2474 sententian
1001 2399 1183 2478 occasione
1224 2423 1373 2486 contra.

340 2517 514 2597 veniendi
535 2515 665 2591 litteris
684 2507 880 2608 ¹praedidlis
906 2510 1011 2587 vobis
1033 2511 1221 2592 incurrisse
1240 2520 1371 2598 cousti-

337 2630 453 2725 t'erit,
490 2627 631 2729 quoties
662 2622 768 2699 vobis
795 2636 1046 2720 opportunum
1075 2617 1145 2701 else
1167 2622 1372 2728 videbitur,

338 2746 502 2827 tamdiu
531 2739 720 2817 dominicls
748 2734 957 2833 festivisque
979 2738 1108 2826 diebus
1132 2742 1172 2818 in
1202 2746 1372 2842 eeclesiis,

337 2875 426 2948 dum
462 2860 581 2962 major
606 2858 697 2937 inioi
719 2856 849 2955 populi
869 2856 1067 2934 multitudo
1087 2863 1303 2958 conveniret
1322 2865 1371 2941 ud

338 2982 468 3062 divina
496 2966 823 3050 excommunicatas
843 2963 998 3071 ‘publice
1026 2970 1204 3050 nuncietis
1227 2973 1370 3052 sociati·

337 3118 412 3199 que
437 3091 486 3170 ab
511 3088 590 3166 aliis
614 3084 774 3163 nuntiari
803 3083 838 3159 dr
865 3084 1032 3161 omnibus
1057 3088 1194 3164 arelius
1221 3091 1371 3187 evitati,

338 3219 458 3306 donec
475 3203 822 3290 icontraveniendo
844 3202 1042 3280 destiterint
1061 3204 1097 3278 dr
1124 3203 1255 3281 litteris
1273 3228 1369 3304 prae·

336 3325 445 3403 dietis
467 3317 692 3412 obedierinn
717 3318 875 3412 ipseque
896 3314 1058 3414 persone
1074 3320 1367 3398 excommunica-

336 3457 384 3520 ne
399 3442 447 3515 ab
465 3434 674 3535 hujusmodi
697 3431 1083 3509 excommunicationis
1111 3428 1286 3511 sententia
1301 3436 1368 3511 ob-

336 3549 527 3628 solutionis
550 3546 764 3646 beneficium
787 3546 991 3621 meruerint
1015 3544 1182 3625 obtinere
1205 3572 1278 3626 non
1302 3550 1368 3627 ob·

335 3659 512 3745 stantibus
529 3660 696 3737 omnibus
714 3660 799 3753 illis,
820 3682 900 3758 quae
916 3659 953 3736 in
968 3655 1130 3758 praeiatis
1146 3655 1279 3743 l'itterIs
1297 3682 1365 3734 vo·-

336 3775 461 3860 lumus
472 3787 551 3853 'non
568 3778 709 3850 obstare
722 3793 786 3851 aut
799 3775 823 3851 fi
838 3772 944 3851 dislis
962 3773 1122 3872 personis
1142 3778 1203 3853 vel
1215 3771 1362 3874 quibus·

310 3964 316 3968 .
335 3888 488 3980 insanis
504 3888 747 3966 communiter
765 3889 826 3965 vel
840 3887 981 3966 divisim
997 3886 1188 3968 dornoso
1214 3888 1296 3966 sede
1312 3892 1368 3968 in·

336 3993 596 4101 dultum'quod
614 4000 795 4095 interdici,
821 3995 989 4102 suspendi
1002 4002 1061 4078 v'el
1075 4005 1367 4083 excommunico·

332 4123 369 4204 ti
389 4143 462 4197 non
489 4112 619 4215 polsrnt
640 4136 708 4211 per
729 4116 868 4193 litteras
897 4115 1125 4214 Apostolicas
1141 4140 1213 4194 non
1230 4116 1367 4197 facien·

335 4239 552 4337 tesplenaor
565 4231 602 4311 dr
616 4225 876 4329 expressimus
892 4233 938 4314 dc
952 4230 1070 4313 verbo
1089 4230 1137 4311 ad
1155 4235 1311 4313 verbum
1322 4235 1368 4314 de

382 4373 389 4408 ι
448 4366 482 4378 ”
1267 4364 1322 4423 ιιι·
