3409 5117
249 513 254 538 ἱ
380 576 454 655 422
660 559 990 634 ,m

336 717 474 796 tudinis
487 720 635 799 ecclesie
651 720 875 825 Magantine
889 719 1041 800 cessavit
1058 743 1081 799 a
1096 719 1238 802 divinis
1261 717 1363 821 super
1403 773 1406 778 -

335 838 470 934 quibus
482 839 528 915 R.
538 839 575 917 Ρ.
589 840 635 919 V.
650 840 901 919 venerabilem
911 839 1037 919 Duum
1045 839 1363 918 Archidiaconuu

235 1057 238 1064 1
337 953 535 1031 metensem
555 957 591 1033 in
607 958 679 1035 hnc
689 955 790 1036 sacro
801 957 956 1036 concilio
968 955 1125 1054 iudicem
1140 959 1364 1055 deputarunt

336 1067 357 1141 n
381 1088 453 1163 qno
483 1072 528 1143 ad
560 1070 769 1150 instanciam
792 1071 903 1171 ipsius
933 1069 1022 1150 cleri
1052 1069 1181 1148 citatio
1217 1071 1362 1148 decreta

337 1176 371 1249 d
395 1193 548 1255 executa
575 1181 637 1259 est.
696 1181 914 1282 Posteapro
938 1195 1045 1278 parte
1079 1179 1288 1258 eorundem
1317 1178 1363 1257 ci·

338 1292 440 1368 vium
460 1295 504 1378 R.
524 1296 561 1372 Ρ.
580 1296 626 1376 V.
649 1294 739 1375 false
759 1295 928 1402 suggesto
951 1287 1109 1397 qualiter
1143 1297 1270 1376 clerus
1294 1290 1363 1395 ipse

339 1408 374 1484 in
392 1415 541 1493 civitate
556 1417 778 1522 Magantiua
795 1413 1053 1500 nrtetnttnom
1069 1414 1236 1495 servaret
1257 1416 1364 1493 inter·

338 1532 478 1609 dietum
502 1557 545 1610 ac
566 1540 722 1617 mortuis
746 1539 971 1636 sepulturam
990 1534 1025 1612 ἀ
1041 1535 1212 1634 parvulis
1227 1532 1363 1631 baptis·

338 1673 398 1725 rna
422 1653 622 1756 denegaret
644 1659 691 1736 R.
715 1657 753 1735 Ρ.
778 1655 825 1735 V.
850 1657 968 1734 eidem
986 1654 1071 1733 Dno
1087 1652 1363 1731 Archidiaconn

316 1849 319 1860 ,
341 1774 494 1849 dederat
509 1777 546 1854 in
569 1780 770 1877 mannans,
797 1794 975 1877 quatenus
992 1773 1103 1874 super
1119 1773 1281 1852 narratis
1300 1772 1364 1848 hu·

338 1885 497 1984 jnmoctt
530 1890 725 1970 summaria
757 1891 1022 1970 informacione
1055 1886 1255 1989 prehabito
1283 1887 1365 1966 item

339 2007 488 2099 recepta
510 2006 658 2106 insuper
687 2008 860 2087 cautione
883 2009 904 2087 d
926 2006 1070 2087 civibus
1102 2004 1302 2084 antedictis
1325 2002 1365 2077 de

336 2113 411 2217 juri
434 2124 597 2213 parendo
618 2122 825 2220 preciperet
841 2122 941 2200 clero
961 2138 1139 2219 quatenus
1164 2118 1295 2196 divina
1308 2137 1366 2196 re·-

340 2235 527 2333 sumeret,
558 2238 661 2335 cnjus
692 2240 839 2338 quidem
875 2240 1131 2319 commiffionis
1163 2237 1300 2337 vigore
1322 2231 1365 2311 nd

341 2348 484 2445 aliquos
518 2349 839 2458 commonentes
867 2378 958 2453 quos
993 2355 1132 2433 habere
1165 2348 1366 2451 dignemini

272 2522 286 2539 .,
340 2479 411 2557 pro
437 2458 658 2539 sufficienter
684 2463 857 2563 expressis
881 2490 1006 2545 coram
1029 2463 1177 2564 prefato
1205 2461 1363 2540 Domino

341 2575 616 2655 Archidiacono
635 2578 839 2676 processum
857 2584 905 2659 est
924 2583 959 2659 dc
975 2579 1182 2680 hujusmodi
1201 2572 1365 2675 processu

340 2691 523 2787 pendente
559 2703 758 2765 vetuerunt
786 2691 918 2767 vinum
952 2690 1101 2768 bladum
1131 2687 1364 2763 &resanius

241 2857 243 2862 .
338 2807 558 2886 clericorum
584 2811 629 2885 ad
659 2809 845 2888 civitatem
870 2812 1128 2913 Magantinnm
1152 2809 1288 2886 adduci
1304 2809 1365 2886 nist

342 2932 422 3032 quis
441 2934 491 3008 ad
513 2933 651 3011 vicium
676 2937 778 3012 sunm
803 2934 997 3014 &familie
1020 2933 1083 3012 sue
1108 2936 1290 3010 duntaxat
1314 2931 1365 3008 uti

341 3055 402 3126 vei
427 3052 493 3150 ipsi
517 3054 769 3131 communitati
792 3058 954 3134 vendere
978 3057 1101 3132 veliet.
1150 3051 1298 3131 Verum
1321 3051 1365 3128 R.

341 3170 449 3250 Pater
480 3168 651 3267 qnoniam
670 3166 818 3247 uffensa
849 3171 1092 3248 violencia&
1133 3167 1364 3269 sacrilegium

345 3281 513 3382 predicta
538 3278 619 3354 sunt
649 3283 741 3358 adeo
775 3284 920 3359 notoria
942 3298 1016 3359 tam
1060 3302 1153 3357 voce
1191 3280 1366 3377 preconio

343 3422 452 3498 qnam
480 3396 628 3495 pubiiea
650 3398 840 3475 vetacinne
857 3398 998 3499 injurijs
1020 3399 1055 3474 dr
1077 3398 1266 3476 inuasone
1284 3398 1365 3474 tali·

340 3530 400 3590 ter
422 3506 603 3604 patefadia
621 3512 719 3605 quod
735 3534 806 3588 non
819 3511 951 3607 poffint
968 3514 1041 3587 ulia
1056 3510 1366 3612 tergiversacione

341 3623 453 3699 ceteri
480 3624 525 3697 de
557 3624 689 3719 quibus
729 3624 897 3699 omnibus
920 3626 956 3700 in
981 3622 1077 3700 dista
1118 3620 1366 3700 comnnfflone

340 3744 639 3839 condependente
659 3763 729 3839 pro
752 3758 858 3838 parte
881 3743 1018 3820 civium
1046 3742 1066 3817 ὲ
1086 3743 1132 3818 R.
1158 3740 1193 3817 P.
1224 3743 1271 3819 V.
1302 3740 1365 3816 ob·

339 3875 441 3935 tenta
489 3855 674 3931 reticitunr
709 3855 759 3929 est
805 3857 978 3955 dignetur
1011 3856 1057 3933 R.
1090 3854 1127 3930 P.
1164 3852 1210 3931 V.
1248 3857 1365 3932 eidem

338 3975 429 4065 iino-
442 3972 715 4049 Archidiacono
735 3975 965 4049 committere
982 3971 1015 4046 dr
1034 3973 1208 4049 mandare
1237 3985 1363 4068 quate·

337 4110 404 4166 nus
427 4086 563 4185 rejecta
587 4088 834 4177 commissione
853 4088 1020 4186 predicta
1046 4086 1073 4163 sr
1096 4108 1165 4183 per
1187 4086 1371 4161 informa·

333 4203 478 4282 cionem
507 4201 744 4284 summariam
773 4202 987 4303 simpliciter
1015 4200 1051 4281 dr
1077 4204 1122 4281 de
1145 4201 1258 4302 plano
1291 4197 1363 4276 fine

516 4349 519 4356 ·
740 4330 749 4416 p
1050 4382 1055 4387 ,
1229 4313 1320 4393 stre·
