3409 5117
388 577 443 670 ῳ
718 565 984 636 mm»

342 741 417 817 dati
445 749 690 835 contemptum
723 757 840 835 neque
868 731 941 812 sine
967 725 1101 832 magna
1127 729 1247 833 gratia
1274 751 1363 816 cum

339 858 415 957 ipso
435 855 707 954 dispensandum
724 854 825 928 venit
846 874 939 951 pena
955 851 1135 949 condigna
1160 845 1362 944 transgres-

336 977 409 1058 sori
432 976 647 1074 imponenda
668 973 897 1068 precedente.
952 970 1082 1071 Quoad
1099 969 1240 1068 eosqui
1258 968 1360 1044 stne

336 1091 586 1200 num-absque
609 1091 722 1186 petita
750 1087 785 1164 ἃ
811 1075 1003 1163 obtentae
1030 1085 1177 1162 Decano
1211 1084 1359 1198 licentia¹

335 1213 652 1296 mansfretaverint
691 1207 954 1307 suspensionem
1000 1208 1223 1286 incurrendo
1264 1205 1357 1286 anti·

335 1345 449 1456 quum
472 1323 613 1409 morem
641 1329 811 1430 mitigare
834 1329 996 1406 volentes
1020 1327 1228 1405 ordinamus
1243 1343 1309 1402 ut
1306 1329 1358 1402 de'

335 1445 459 1548 cetero
492 1447 611 1547 quivis
637 1447 905 1527 canonicorum
934 1469 1016 1523 cum
1044 1467 1117 1522 una
1143 1445 1240 1524 libra
1267 1447 1358 1522 huso

335 1567 540 1667 hulusmodr
550 1563 812 1664 suspensionem
830 1563 1011 1640 redimere
1022 1557 1277 1661 poffitaosqne
1290 1563 1356 1640 aii-

334 1701 408 1783 qua
421 1680 729 1772 inclaustranone,
752 1677 910 1756 vicarius
933 1699 1025 1756 vero
1043 1701 1126 1757 cunt
1152 1681 1280 1758 deceta
1303 1678 1356 1755 so·

334 1802 417 1880 lidis
433 1802 520 1877 hils·
547 1799 656 1877 modo
671 1807 744 1898 quo
768 1793 878 1896 supra
890 1791 967 1876 stne
987 1799 1141 1878 claustro
1157 1817 1201 1874 ac
1213 1798 1356 1878 restim:

335 1920 473 1999 tionem
491 1933 646 2014 uterque
660 1917 838 1994 aDecano
852 1912 1018 2014 presente
1028 1917 1212 1994 canonico
1226 1917 1274 1994 ab
1292 1919 1355 1994 hu·

235 2035 240 2046 '
334 2035 492 2137 jusmodi
513 2025 736 2130 suspensione
759 2027 924 2110 obtinere
952 2031 1075 2132 possit,
1115 2053 1187 2130 que
1214 2035 1356 2134 quidem

334 2175 430 2254 pena
448 2152 617 2250 capitulo
632 2149 817 2230 antedicto
830 2147 1088 2250 persolvetur
1076 2173 1115 2230 m
1137 2147 1357 2252 sepedictum

333 2265 439 2370 usurn
456 2269 716 2350 convertenda
815 2361 820 2372 Ι

342 2459 470 2558 luleus
507 2456 692 2594 despuite
713 2455 963 2616 presentiae
947 2489 1013 2550 tn
1027 2461 1165 2572 duno,
1204 2463 1334 2558 istud
1318 2453 1357 2558 tn

382 2581 494 2708 primo'
501 2587 632 2704 psoium
642 2599 831 2703 primarum
853 2601 890 2676 in
905 2603 1009 2704 eccles
1009 2629 1031 2676 a
996 2617 1180 2722 ztennpr
1181 2609 1309 2735 pragi

550 2725 665 2836 stro
684 2705 942 2830 absentiarum
928 2730 1098 2833 intimare
1184 2707 1242 2757 ''⁵'‘

338 2893 560 3076 Volumus
587 2895 622 2970 dr
650 2893 859 2970 ordinamur
885 2909 928 2974 ut
957 2860 1183 2998 quecumque
1206 2899 1354 2999 persone

438 3016 979 3108 ecclesie-nostrestveDecanus
994 3021 1070 3098 stuc
1077 3025 1282 3106 eanonicus
1294 3043 1354 3108 aut

338 3137 501 3216 vicarius
527 3133 825 3234 earisteus-voleus
846 3155 916 3232 pro
939 3140 1064 3216 eadem
1090 3141 1148 3218 die
1171 3139 1353 3225 deservire

337 3251 533 3356 presentiae
552 3251 928 3332 chori-dominamus
946 3278 990 3330 eo
1013 3262 1109 3355 quod
1127 3263 1188 3340 vel
1204 3277 1351 3364 egrotae

338 3385 404 3450 aut
418 3368 489 3446 alia
504 3369 668 3472 legitima
683 3366 843 3446 excausa
860 3375 1070 3470 prepeditus
1086 3373 1232 3456 ecclesie
1243 3380 1352 3455 inter·

338 3484 409 3568 csse
425 3508 497 3565 non
511 3485 643 3586 possit,
665 3486 724 3562 hio
739 3500 886 3566 tenetur
898 3509 968 3587 per
980 3490 1156 3572 familiana
1171 3495 1274 3574 stiam
1297 3487 1355 3568 vel

334 3599 527 3702 personam
542 3599 686 3680 ecclesie
697 3596 761 3680 sub
776 3601 898 3698 primo
906 3602 1044 3702 psalmo
1059 3609 1266 3691 Primatum
1273 3607 1347 3692 Do·

334 3715 435 3793 mino
452 3715 597 3794 Decano
619 3716 680 3792 vel
702 3713 891 3812 provisori·
907 3732 972 3796 out
988 3722 1214 3800 distributori
1227 3719 1355 3824 huius·

333 3832 434 3910 modi
462 3831 724 3932 presentiarum
748 3833 971 3934 intimare&
995 3854 1083 3919 tunc
1101 3861 1172 3938 pro
1191 3836 1350 3938 presenti

335 3953 833 4052 computabiturdzquamdru
846 3960 1076 4042 domunnon
1086 3959 1215 4061 exibit,
1228 3957 1356 4062 quodst

332 4095 407 4154 uon
429 4073 558 4152 fecerit
579 4070 764 4171 presentiJs
788 4079 929 4160 carebit
949 4079 1135 4184 quousque
1157 4077 1238 4164 iiior
1260 4101 1348 4246 pro-

332 4185 411 4271 scus
427 4188 626 4274 inecelefia
642 4187 833 4276 deserviet.
940 4269 943 4274 .

1245 4361 1313 4474 ⁰³.
