3409 5117
341 532 538 641 ”173
704 542 1069 630 *mm

291 722 294 734 '
417 711 585 788 volentes
600 698 732 783 eisdem
747 703 893 784 Abbati
914 706 1123 784 conventui
1143 705 1178 786 dc
1200 706 1446 793 familiaribus

274 925 278 931 ‚
418 827 583 909 remedio
605 819 823 918 subvenire,
855 844 923 922 per
942 827 1040 924 quod
1057 824 1220 925 ipsorum
1236 832 1445 927 compesca-

398 960 482 1023 -tut
493 943 702 1040 temeritas,
726 939 762 1019 dt
791 940 875 1018 aliis
894 942 1014 1018 aditus
1038 945 1290 1021 committendi
1315 946 1446 1026 fimilia

418 1061 690 1167 praecludatur,
730 1062 938 1146 discretioni
970 1066 1100 1143 vestrae
1130 1086 1198 1163 per
1228 1070 1444 1167 Apollolict

415 1186 552 1287 scripta
566 1186 792 1267 mandemus.
808 1200 985 1283 quatenus
1003 1205 1069 1268 vos
1086 1189 1147 1264 vel
1163 1188 1252 1286 duo,
1266 1204 1332 1266 aut
1350 1210 1443 1268 unus

339 1394 343 1410 ι
418 1313 597 1403 vestrum,
625 1330 694 1407 per
710 1331 775 1385 vos
791 1311 852 1384 vel
869 1306 999 1405 alium,
1023 1302 1085 1382 seu
1101 1304 1191 1385 alios
1209 1310 1319 1388 etiam
1336 1310 1443 1392 fislut

419 1453 526 1517 extra
540 1438 638 1531 loca,
655 1433 692 1512 in
709 1433 840 1533 quibus
861 1430 1026 1531 deputati
1043 1430 1123 1508 eliis
1140 1432 1439 1534 conservatores,

420 1564 458 1639 dc
473 1561 618 1657 Judices
637 1551 799 1657 prefatis
817 1555 958 1635 Abbati
975 1555 1206 1654 conventui,
1226 1558 1268 1636 'dt
1283 1558 1442 1641 familia·

419 1686 524 1764 ribus
536 1682 690 1765 efficacis
706 1680 920 1761 deienlionis
939 1678 1106 1776 praelidio
1130 1681 1342 1779 militantes,
1368 1711 1441 1767 non
1479 1697 1481 1704 ’

418 1809 639 1909 permittatis
655 1806 816 1900 eosdem,
839 1802 1043 1903 superbis,
1066 1800 1343 1903 &quibuslibet
1359 1814 1439 1891 aliis
1479 1817 1481 1854 ³

417 1925 546 2023 bonis,
570 1925 762 2026 &juribus
777 1928 825 2002 ad
843 1924 1056 2023 Abbatem,
1079 1925 1314 2006 conventum
1333 1928 1439 2014 fami·
1479 2017 1481 2026 ,

416 2050 542 2145 liores,
565 2068 609 2125 ac
622 2041 887 2122 Monasterium
908 2042 1100 2140 pradirta,
1125 2040 1373 2140 spatiantibus
1390 2057 1444 2136 ab,

324 2173 329 2182 “
415 2173 575 2261 eisdem,
612 2167 673 2242 vel
700 2160 924 2263 quibuslibet
952 2163 1031 2239 aliis
1058 2161 1218 2241 indebite
1240 2170 1435 2274 molestari,
1479 2227 1481 2274 ς

417 2286 528 2366 uel
497 2309 547 2363 eus
562 2283 792 2386 gravamina,
813 2278 873 2357 seu
890 2281 1022 2357 damna
1045 2280 1130 2356 uel'
1119 2280 1269 2377 injurias
1289 2286 1433 2396 irroga

332 2410 336 2458 -’
415 2412 466 2507 ti,
490 2404 625 2485 fartum
635 2401 739 2478 dubius
751 2399 892 2478 Abbati
909 2400 1117 2478 conventui
1132 2400 1166 2476 dt
1182 2401 1437 2520 familiaribus,

335 2536 337 2539 ’
415 2553 502 2612 cum
520 2527 568 2603 ab
585 2524 635 2601 eis
652 2523 714 2599 vel
732 2522 1035 2620 procuratoribus
1052 2518 1137 2617 suis,
1154 2539 1217 2600 aut
1233 2542 1436 2618 autumali

296 2621 300 2640 ⁸
417 2673 491 2747 quo
509 2646 652 2727 fueritis
669 2639 845 2741 requisiti,
872 2645 915 2719 de
932 2642 1116 2739 praeditus
1133 2642 1258 2740 &aliis
1274 2656 1434 2749 personis

373 2852 377 2860 ,
416 2770 642 2876 quibuslibet
663 2764 770 2864 super
795 2766 1040 2858 restitutione,
1065 2765 1276 2865 huiusmodi
1294 2776 1472 2865 Castro

413 2915 516 2988 rom,
541 2888 747 2982 Villarum,
771 2902 979 2980 tetrarum,
1011 2887 1226 2998 &aliorum
1255 2892 1435 3004 locorum,

412 2999 756 3117 iurisdiiiionum,
746 3010 896 3106 lorium,
918 3009 1164 3104 othonorum,
1191 2981 1435 3111 mobilium&

415 3129 702 3225 immobilium,
714 3130 922 3207 reddituum
945 3151 1089 3242 quoque
1114 3151 1157 3207 ac
1172 3154 1436 3255 proventuum

412 3254 450 3331 de
471 3252 631 3328 aliorum
650 3269 959 3380 quorumcunque
978 3237 1181 3343 bonorum,
1213 3278 1280 3337 nec
1297 3286 1378 3358 non
1392 3270 1435 3343 do

414 3364 639 3468 quibuslibet
654 3364 862 3442 molestiis
851 3363 991 3461 snjuriis
1014 3380 1124 3463 atque
1147 3370 1311 3472 damnis,
1343 3403 1435 3476 prae.

290 3551 296 3570 „
409 3482 571 3567 sentibus
586 3482 621 3558 da
637 3479 840 3577 futuris,
829 3507 866 3558 m
883 3483 954 3559 illis
971 3480 1163 3582 videlicet,
1190 3510 1271 3583 quae
1286 3496 1435 3588 judicia.

408 3606 483 3683 lem
503 3602 697 3698 requirunt
711 3599 943 3701 indaginem,
980 3598 1174 3681 summarie
1191 3606 1226 3680 tit
1243 3610 1289 3682 da
1312 3611 1434 3709 plano,

408 3720 485 3799 line
499 3718 668 3815 strepitu,
692 3716 865 3817 &ligura
879 3716 1018 3814 judicii,
1044 3722 1083 3796 ln
1107 3721 1186 3803 aliis
1208 3746 1301 3802 vero
1322 3746 1434 3825 prout

409 3843 564 3944 qualitas
588 3861 719 3916 eorum
751 3839 925 3937 exigerit,
958 3834 1102 3934 justitiae
1121 3848 1433 3941 complementum

408 3965 672 4060 occupatores,
688 3957 749 4035 seu
764 3960 986 4050 detentores,
1001 3956 1298 4061 presumptores,
1319 3970 1433 4046 mole·

389 4075 571 4161 enatares,
600 4068 1131 4171 dtanurtatoreshuJusmodt
1157 4100 1323 4156 necnon
1350 4105 1433 4160 con-

403 4190 624 4322 eruditiores
646 4184 868 4286 quoslibet,
901 4186 938 4263 sia
960 4188 1141 4291 rebelles,
1186 4191 1435 4299 cujuscunque

1264 4317 1390 4425 digni-
