3409 5117
285 645 291 654 .
400 570 472 652 362
720 564 995 630 m

347 720 534 825 dignitatis
574 723 723 817 exiliat,
765 725 968 810 Inmanee
990 723 1184 829 quisquam
1214 729 1372 812 nostran

344 842 454 921 alieni
479 858 653 922 extraneo
678 846 874 944 quicquam
905 849 950 923 de
975 847 1154 944 premissis
1188 853 1373 932 revelabit

346 956 383 1032 tir
408 958 529 1059 siquis
555 961 593 1038 in
617 963 819 1057 capitulum
839 960 901 1040 seu
920 965 1120 1065 collegium
1134 966 1296 1061 alicuius
1322 991 1374 1046 eo-

346 1081 536 1160 eleliatunt
570 1084 776 1160 nostrarum
808 1083 844 1161 ἄ
876 1107 972 1163 nnnc
996 1086 1168 1164 inantea
1195 1089 1243 1164 de
1279 1100 1374 1162 nouo

343 1200 577 1299 reeipiendus
602 1202 663 1277 vel
691 1199 765 1297 jam
793 1224 894 1278 nune
918 1203 959 1277 in
979 1202 1096 1278 studio
1115 1219 1183 1280 aut
1197 1202 1294 1281 alibi
1313 1201 1374 1279 ab·

342 1314 613 1398 sensexllitetit
633 1319 823 1418 postquam
842 1320 1013 1399 reversus
1035 1318 1147 1397 fuerit
1163 1322 1238 1398 hee
1250 1322 1374 1397 audiat

344 1445 455 1528 atque
476 1425 566 1506 sciet
577 1424 613 1502 ἀ
626 1426 697 1502 fide
715 1425 892 1505 confimili
905 1431 951 1505 ad
969 1425 1276 1507 observacionena
1293 1450 1372 1527 pre·

340 1539 536 1622 'miliorum
557 1537 762 1636 specialiter
794 1540 997 1644 obligetur.
1060 1540 1099 1618 st
1133 1541 1218 1639 quis
1248 1558 1370 1622 autem

341 1656 505 1734 nostrum
532 1667 600 1727 aut
626 1647 869 1732 suceeffiirum
900 1656 1107 1731 nostrorum
1130 1675 1174 1729 ea
1213 1654 1371 1747 promit..

290 1845 294 1872 ,
340 1773 422 1846 t'ere
440 1764 602 1843 noluerit
625 1765 670 1840 ad
696 1761 751 1841 sui
773 1764 934 1863 Capituli
950 1782 1014 1842 aut
1029 1767 1170 1844 nostros
1192 1766 1372 1847 trablatus

344 1889 463 1964 donee
473 1880 683 1982 promiserit
700 1885 907 1964 nullatenus
925 1886 1153 1965 admittatur.
1206 1888 1372 1991 Quicun-

343 2026 419 2100 que
451 2021 544 2076 vero
581 1998 662 2096 post
691 1998 803 2076 fidem
838 1999 921 2084 loeo
952 2002 1152 2100 juramenti
1184 2005 1371 2101 prestitam

343 2106 514 2234 pretniffa
543 2105 604 2186 seu
626 2108 749 2206 aliqua
773 2110 834 2187 vel
866 2112 1006 2209 aliquid
1029 2134 1076 2190 ex
1092 2113 1146 2191 eis
1175 2114 1372 2217 infregerit

343 2252 531 2333 tamquam
563 2227 735 2329 perjurus
758 2229 793 2304 ἀ
819 2231 906 2308 fidei
931 2233 1158 2311 violeturne
1178 2233 1327 2312 infamis
1349 2257 1369 2311 a

290 2343 293 2354 '
345 2346 410 2425 suo
445 2342 602 2442 collegio
627 2340 661 2414 u
682 2361 705 2414 a
729 2343 850 2419 nostra
876 2339 1046 2435 societate
1079 2346 1293 2441 expellatur
1328 2363 1369 2420 ne

344 2467 430 2544 ovis.
448 2463 555 2540 unioa
580 2460 750 2538 morbida
783 2462 927 2557 polluat
950 2477 1070 2539 totum
1098 2484 1282 2563 gregem,
1304 2488 1372 2542 neo¹

270 2616 273 2622 ·
343 2578 459 2681 prosit
477 2575 512 2651 ei
537 2573 562 2646 st
590 2592 868 2669 equorumque
892 2572 1081 2671 superiore
1099 2572 1121 2652 ὲ
1139 2575 1376 2671 prestaeione

345 2689 433 2772 fidei
454 2683 491 2764 se
514 2677 655 2764 absolvi
690 2680 845 2775 pecierit
865 2679 926 2758 seu
953 2680 1156 2759 obtinuerit
1181 2685 1243 2759 uel
1276 2684 1365 2761 infa·

342 2807 454 2887 aniam
471 2791 642 2894 aboleri„
674 2791 816 2890 Verum
832 2795 918 2891 qnia
933 2790 1130 2892 seeundum
1147 2796 1365 2874 varietatem

342 2929 554 3014 temporum
578 2902 710 2994 statuta
731 2926 806 2992 non
826 2906 976 3008 indigne
996 2908 1188 2987 variantur
1203 2910 1365 2988 humana

341 3036 555 3147 potestatem
577 3025 822 3103 omnimodam
841 3027 1011 3124 pretniffa
1031 3032 1153 3107 omnia
1171 3030 1207 3107 lit
1225 3030 1373 3134 fingula.

321 3151 506 3242 ‚mutandi
527 3143 737 3243 corrigendi
760 3145 975 3222 emendandi
1003 3146 1194 3222 breviandi
1212 3152 1362 3244 prolon-

341 3263 451 3379 gandi
481 3253 693 3333 tollendi&
725 3253 814 3329 alias
848 3268 962 3349 prout
999 3254 1202 3348 expedierit
1235 3260 1281 3334 de
1313 3259 1363 3334 eis

341 3367 553 3474 disponendi
568 3363 682 3460 ,nobis
716 3364 751 3456 tir
782 3364 912 3440 nostris
956 3361 1216 3443 suecessoribus
1247 3366 1363 3445 reser-

340 3504 490 3576 vuinus.¹
522 3476 576 3566 ln
602 3494 759 3570 quorum
793 3475 957 3552 omniurn
989 3474 1106 3551 robur
1137 3475 1172 3552 liz
1201 3477 1361 3554 tellinro·

337 3606 441 3704 nium
463 3597 581 3700 figilla
603 3593 722 3669 nostra
742 3592 934 3696 Abbatum
960 3593 998 3690 ti
1023 3593 1256 3673 ecelesiarum
1274 3618 1379 3702 pre,¹

336 3717 522 3798 diilorutn
545 3707 674 3800 litteris
701 3705 930 3804 presentibus
956 3708 1039 3784 sunt
1059 3703 1231 3804 appensa.
1283 3711 1358 3789 Da.-

333 3852 414 3914 tunr
435 3832 549 3910 Anno
564 3826 640 3904 Dni
657 3824 838 3922 Micca
855 3824 995 3904 XXVI⁰
1025 3826 1122 3903 Xlll.
1143 3826 1223 3904 Kal.
1245 3830 1358 3932 Junij.

334 3943 518 4022 Volumus
536 3933 895 4034 eeianrutlrespeliu
914 3935 1144 4014 eeclesiarum
1167 3937 1258 4015 duas
1275 3962 1359 4039 per.
1379 3947 1383 3966 ¹

275 4106 280 4119 ·
330 4058 436 4141 sonas
452 4057 687 4162 eligenciunt,
713 4056 868 4152 quilibet
885 4057 1055 4134 Dnorunt
1072 4049 1268 4138 Abbatum
1288 4087 1375 4163 pru

332 4176 473 4260 duabus
493 4169 655 4274 personis
669 4166 861 4247 habeatur.
915 4170 1055 4266 Dptuot
1073 4166 1257 4270 utsupra.
1380 4247 1385 4294 ;

709 4345 971 4415 “²⁸‘'
1166 4414 1308 4508 xcrx.
