3409 5117
472 578 552 654 ¹320
802 555 1081 621 m
1133 549 1139 564 '

362 811 364 816 ,
424 731 500 804 tem
515 722 551 800 in
567 717 696 799 multis
715 715 909 798 retrarilis
925 715 1058 797 linodis
1080 705 1242 819 per‘nor
1262 711 1483 803 celebratis⁸

426 856 554 942 preter
570 836 718 914 dcultra
734 833 838 909 varia
865 806 1073 910 ductorum
1097 834 1244 913 Petrum
1271 838 1308 913 ἀ
1332 842 1461 936 prede·

362 983 365 988 ·
425 949 605 1030 celsorum
631 951 837 1028 nostrorum
859 943 1019 1025 salubria
1047 951 1217 1027 mandata
1245 956 1461 1049 provincia·

423 1057 546 1171 licque
571 1068 607 1143 dr
632 1065 806 1144 finodalia
840 1064 1002 1140 instituta
1027 1067 1165 1143 dudum
1193 1069 1293 1145 edita
1325 1072 1460 1145 multoc

423 1177 608 1277 processus
621 1180 795 1257 snodaies
815 1178 861 1252 dc
879 1175 914 1251 dr
932 1173 1042 1274 super
1055 1173 1320 1273 concubinatus
1337 1183 1459 1258 incon·

424 1298 576 1377 tinentic
597 1319 642 1374 ac
661 1294 957 1371 tabernariorum
972 1291 1180 1372 officiorum
1204 1297 1456 1394 ludorumque

425 1420 637 1499 illicitorum
647 1418 879 1514 aliorumque
895 1414 1076 1492 viciorum
1089 1415 1341 1513 pravitatibus
1351 1438 1456 1515 pror·

423 1539 482 1620 sus
499 1537 654 1613 vitandis
671 1536 706 1611 dc
726 1536 952 1631 extirpandis
974 1553 1086 1636 atque
1103 1538 1259 1613 honestis
1275 1538 1310 1612 dr
1328 1542 1457 1615 decen-

422 1656 521 1733 tibus
533 1655 712 1741 moribus,
732 1652 864 1748 quibus
876 1657 922 1729 de
937 1654 1036 1732 bono
1053 1655 1088 1732 in
1104 1655 1234 1731 melius
1252 1656 1287 1729 dr
1304 1662 1453 1733 tandem

421 1775 469 1850 ad
483 1789 605 1848 eterne
620 1768 740 1845 salutis
762 1769 892 1847 statum
913 1772 1108 1847 devenitur
1126 1768 1348 1849 assumendis
1368 1795 1454 1849 non·

422 1875 601 1986 bullisque
627 1884 709 1984 alijs
738 1884 1011 1986 frequentandis
1037 1888 1072 1963 dr
1098 1889 1312 1968 exercendis
1343 1888 1451 1973 ¹etiam

420 2003 487 2083 sub
511 2004 618 2083 certis
642 2002 930 2082 formidabilium
956 2001 1191 2105 censurarum
1216 2006 1321 2103 penis
1352 2002 1462 2083 alias·-

419 2151 493 2226 que
508 2129 542 2205 dt
559 2127 631 2202 alia
646 2124 871 2203 emiserimus
891 2125 1132 2205 fecerimus&
1150 2126 1231 2205 lieri
1252 2115 1451 2205 mandave-
1484 2111 1487 2148 ³

422 2246 565 2336 rimus,
592 2258 705 2339 prout
726 2242 763 2317 in
786 2242 919 2322 eisdem
944 2243 1167 2340 processibus
1197 2245 1303 2319 vobis
1331 2248 1450 2341 palam

422 2352 614 2449 publicatis
636 2352 744 2427 latius
762 2352 983 2450 conspicitur
1003 2355 1207 2449 contineri,
1236 2355 1309 2431 illis
1328 2373 1446 2432 tamen
1473 2403 1477 2416 ι

420 2469 519 2568 apud
541 2462 733 2561 plerosque
753 2488 805 2543 ex
827 2469 932 2543 vobIs
952 2490 1059 2545 aures
1082 2467 1159 2545 fuas
1188 2467 1445 2548 obturantibus

420 2582 531 2663 nichil
555 2597 618 2656 aut
644 2602 776 2677 parunt
799 2582 1022 2679 profecimus
1041 2586 1165 2681 tepida
1186 2584 1308 2663 forsan
1338 2612 1445 2685 pena·

419 2722 504 2779 runt
522 2696 770 2791 predictarum
788 2696 879 2773 inibi
894 2698 930 2775 in
947 2699 1267 2775 contravenientes
1288 2703 1444 2800 adjedla·

419 2837 503 2896 ram
522 2811 734 2887 executione
758 2810 1008 2911 causamque
1031 2815 1145 2914 igitur
1167 2836 1231 2908 nos
1255 2820 1442 2921 negligen-

418 2928 469 3003 tie
485 2924 582 3002 vicio
601 2925 751 3025 gravius
777 2926 861 3001 inde
880 2925 927 3001 ab
950 2925 1118 3001 oltiffimo
1138 2923 1369 3027 judicemur,
1402 2954 1444 3012 ex

417 3061 514 3116 nunc
538 3039 574 3114 in
599 3054 704 3113 antea
727 3036 930 3114 studiosiori
950 3036 1177 3115 solicitudine
1195 3046 1389 3122 attendere
1412 3050 1442 3127 dr

416 3159 551 3235 nedum
585 3151 658 3230 sola
697 3155 904 3250 huiusmodi
943 3151 1179 3232 deliciorum
1194 3160 1443 3253 prohibitione

338 3286 340 3289 ’
417 3274 621 3358 contentari
651 3270 769 3348 sedric
799 3295 909 3369 penas
938 3275 1232 3372 delinquentibus
1256 3271 1454 3377 impositor

416 3388 549 3466 edubie
580 3388 731 3483 exequi,
777 3386 943 3485 ipsosque
984 3391 1230 3488 delinquentes
1259 3402 1438 3499 condigna

400 3506 683 3598 (emendatione,
709 3525 754 3579 ne
768 3504 846 3601 alijs
864 3504 992 3582 similia
1008 3505 1165 3584 faciendi
1179 3510 1277 3585 viam
1298 3536 1439 3612 parent,

414 3622 604 3725 corrigere
620 3621 851 3697 decrevimus
868 3622 1110 3716 devolamus,
1138 3647 1371 3726 quapropter
1389 3637 1438 3714 in·

413 3745 472 3813 ter
484 3760 607 3815 omnes
631 3734 812 3832 processus
836 3760 905 3834 per
924 3759 989 3814 nos
1011 3734 1194 3815 eman'atos
1218 3745 1312 3821 duos
1334 3752 1437 3831 vobit

413 3858 581 3937 omuibus
596 3857 644 3931 ad
658 3856 871 3932 memoriam
884 3878 1116 3951 revocamus,
1140 3880 1253 3937 unum
1274 3886 1385 3960 quern
1401 3870 1444 3948 in·

412 3973 548 4051 teneris
574 3973 702 4049 nostris
728 3972 829 4049 annis
848 3975 935 4049 dum
962 3972 1192 4056 Pontificatus
1221 3982 1435 4082 dignitatern

411 4087 666 4188 accepissemus
689 4086 843 4195 favento*
863 4087 1022 4164 Domino
1043 4092 1155 4166 Anno
1174 4093 1328 4174 Domini
1351 4103 1435 4179 llllil·

411 4200 535 4299 lestroo
547 4198 897 4303 quadringentesimo
908 4198 1170 4307 septuagesimo
1186 4207 1323 4302 odiavo
1341 4235 1435 4293 ems.

1309 4324 1392 4405 nari
