3409 5117
713 550 983 614 «ΝΜ
1232 571 1302 644 205

315 714 407 814 iuris
425 711 492 789 sibi
509 707 920 811 desuperjeompetenns
935 711 1282 808 expedirivolnnsus
1297 731 1353 794 at·

315 860 389 934 que
405 836 620 910 mandamus
637 855 755 929 neque
776 831 893 906 eidem
914 843 998 902 aute
1016 831 1222 913 litterarum
1241 863 1352 937 expe.

315 951 494 1026 ditionem
515 945 731 1024 beneficium
757 943 966 1041 hujusmodi
989 944 1215 1033 deserviendi
1237 955 1352 1054 autse

315 1065 359 1138 de
390 1062 457 1136 illo
481 1061 733 1159 aliquomodo
753 1056 1019 1133 intromittendi
1040 1077 1165 1156 pateat
1183 1063 1354 1168 facultas,

315 1175 558 1256 certificantes
575 1174 757 1251 omnes&
786 1172 944 1277 singulos
969 1170 1068 1251 secus
1093 1174 1264 1257 facientes
1289 1197 1356 1268 aut

315 1297 528 1396 hujusmodi
553 1297 813 1376 inhibitionum
837 1293 1082 1375 monitionum
1106 1299 1141 1376 ἀ
1165 1305 1354 1380 mandato·

315 1439 399 1495 runt
419 1411 622 1491 salubrium
639 1409 920 1518 transgressores
942 1415 1040 1511 quod
1063 1432 1192 1496 contra
1206 1417 1366 1500 eosdem
1422 1407 1425 1416 ’

317 1531 581 1631 &quemlibet
608 1529 769 1630 ipsorum
795 1534 841 1608 ad
872 1530 1036 1608 omnium
1064 1531 1359 1636 &nugularum

319 1647 553 1726 censurarum
570 1644 829 1726 sententiarum
846 1647 882 1724 c
900 1669 1079 1746 petrarum
1098 1651 1190 1728 inibi
1202 1671 1352 1732 conten·

321 1778 439 1840 tarum
468 1763 721 1839 executionem
758 1759 939 1860 usquead
967 1764 1187 1860 privationis
1214 1766 1369 1852 senten·¹

323 1881 403 1958 tiam
420 1881 595 1959 inclusive
614 1877 772 1978 aliasque
799 1881 901 1981 juxta
922 1879 1117 1961 arbitrium
1138 1885 1298 1965 noslrum
1316 1885 1365 1984 sic¹

324 2000 439 2086 ruisti
452 2001 664 2100 qualitatem
680 2004 886 2098 procedere
901 1987 1111 2080 curabimus
1129 2004 1263 2104 justitia
1274 2030 1364 2106 me-¹

323 2117 473 2212 rimte„
511 2116 685 2194 Ceterum
706 2140 750 2193 ne
766 2116 896 2216 aliquis
920 2138 988 2214 per
1005 2118 1249 2217 ignorantiam
1271 2103 1366 2228 sice,

326 2237 583 2336 contumaciam
599 2234 634 2314 se
653 2234 825 2313 excusare
843 2237 1026 2334 presumat
1048 2239 1259 2318 districta&
1279 2240 1348 2318 sub

327 2349 414 2427 disla
433 2348 669 2448 suspensionis
684 2350 1022 2448 penapreeipiendo
1040 2356 1351 2454 mandemusque·

324 2481 417 2546 tenus
441 2467 564 2544 nostre
585 2464 734 2560 majoris
759 2487 801 2541 ac
816 2467 974 2543 aliarum
990 2469 1230 2548 Ecclessarunr
1253 2473 1349 2550 disis

322 2569 444 2670 nostre
462 2577 635 2678 spirensis,
648 2578 806 2654 civitatis
829 2579 926 2656 insra
950 2582 1112 2660 triduum
1132 2588 1352 2684 proximum-

322 2727 380 2800 aec
394 2726 469 2782 non
489 2719 694 2781 ceterarum
710 2702 999 2804 Collegiatarum
1014 2710 1247 2788 ecclesiarum
1256 2711 1350 2804 Dio·

321 2824 398 2904 tesrs
418 2819 584 2917 spirensis
599 2819 849 2915 predislarum
869 2846 913 2898 ac
935 2822 1065 2924 singuli
1083 2819 1220 2899 sedium
1239 2843 1348 2899 rura·.

320 2934 404 3014 lium
426 2939 562 3015 Decani
581 2936 655 3014 sive
670 2937 870 3035 Camerarij
893 2955 958 3013 aut
972 2935 1135 3034 ipsorum
1149 2939 1268 3033 nuntii
1283 2958 1348 3024 an·¹

319 3066 461 3152 tequam
490 3077 512 3129 a
537 3054 634 3132 dicia
658 3055 780 3133 nostra
806 3055 956 3132 civitate
986 3049 1134 3150 spirensi
1162 3058 1349 3150 recedant,

316 3172 436 3266 copias
468 3170 676 3264 hujusmodi
709 3166 1035 3266 nostri-processus
1070 3170 1251 3265 recipiant
1279 3192 1367 3247 nec.

315 3306 383 3362 non
401 3285 463 3360 bie
476 3300 644 3359 contenta
662 3282 697 3359 a
720 3285 798 3358 alia·
813 3283 944 3358 statuta
959 3282 1178 3358 sinodalia&
1194 3271 1366 3386 provin-J

315 3400 419 3480 cialia
442 3396 607 3495 predisla
630 3395 737 3473 semel
755 3400 792 3473 in
814 3419 909 3473 anno
926 3398 972 3471 ad
996 3395 1138 3489 minos,
1162 3395 1346 3498 signanter

315 3529 435 3594 tamen
450 3515 548 3590 bunc
564 3514 725 3588 nastrum
743 3507 951 3607 processum¹
962 3509 1001 3586 in
1016 3510 1194 3606 proximis
1215 3531 1347 3612 eorum

315 3627 639 3708 convocationibus
662 3626 809 3723 publice
826 3622 999 3700 insrnuari
1016 3624 1090 3722 legi
1106 3623 1141 3698 se
1165 3625 1363 3721 publicari.

315 3741 747 3837 ordinentsrprocurent.
769 3741 809 3820 ln
824 3739 1343 3845 quorumtestitnoniumsrgil·
1389 3778 1392 3782 ⁴

315 3864 387 3948 lum
405 3857 516 3957 officij
532 3859 645 3934 nostri
666 3859 870 3934 Vicariatus
887 3855 1113 3953 presentibus
1136 3859 1185 3934 est
1208 3881 1347 3958 appen-

315 3979 405 4066 sum.
459 3977 596 4056 Datum
615 3980 650 4054 ἀ
672 3983 796 4078 aslum
817 3983 856 4060 in
875 3987 1170 4080 civitatenoslra
1197 3987 1364 4088 spirensi

315 4091 408 4194 seria
433 4089 542 4166 tertia
564 4090 643 4187 post
665 4090 794 4172 sellum
815 4096 978 4174 omnium
996 4095 1213 4176 Sanslorum
1233 4102 1346 4179 Anno

315 4205 467 4286 Domini
488 4205 686 4320 Milesion
707 4209 1062 4320 quadringentesimo
1079 4209 1344 4316 septuagesimo

315 4319 462 4401 ossava.
582 4315 584 4320 ’
926 4309 936 4328 ‘
1041 4391 1049 4400 .
1122 4315 1388 4404 ·x1.vru.···'

425 4647 447 4708 J
