3409 5117
466 599 600 680 4³0-
793 578 1065 643 W

417 746 509 825 dum
538 741 797 822 ostendendum
823 742 860 819 tic
891 741 1144 840 recipiendum
1175 743 1281 844 quod
1323 743 1444 845 jussun

418 857 536 940 fuerit
570 855 607 931 sc
645 857 736 940 ordo
777 851 976 930 dislaverit
1019 851 1177 932 racionis
1211 855 1443 935 certificantes

421 973 681 1054 nichilominus
700 972 858 1050 eosdem
885 963 934 1046 iic
958 970 1116 1046 munitos
1141 968 1177 1046 dr
1199 969 1336 1050 citatos
1359 969 1444 1070 quot

418 1085 497 1168 'srve
519 1085 557 1160 in
590 1083 689 1161 disin
712 1080 898 1159 citacionis
924 1080 1084 1158 termino
1101 1095 1145 1159 ut
1163 1076 1382 1181 premissum
1403 1079 1444 1159 eli

420 1223 638 1301 comparere
667 1199 883 1276 curaverim
897 1195 973 1275 srve
997 1219 1071 1275 non
1092 1199 1172 1278 Nos
1192 1197 1462 1300 nichilominus,

420 1326 483 1402 vel
508 1321 947 1425 surrogandus'preiatus
973 1322 1020 1397 ad
1044 1321 1340 1399 decimacionem
1361 1319 1445 1398 disis

416 1435 808 1520 excommunicacionis
841 1432 1022 1512 sentencie
1055 1433 1092 1511 tic
1123 1435 1214 1513 alias
1259 1435 1442 1536 graviores

417 1577 530 1655 penas
565 1551 762 1629 sentencias
801 1545 1039 1626 &censuras
1077 1562 1192 1646 prout
1216 1548 1314 1650 juris
1344 1546 1445 1624 fuerit

416 1676 522 1774 juxta
554 1685 772 1769 prenarrata
799 1665 1056 1746 consmiffionis
1087 1669 1187 1745 vires
1217 1668 1256 1745 dc
1280 1665 1444 1748 effesiuar

415 1815 460 1873 ac
483 1789 574 1868 faeti
601 1783 814 1886 qualitatem
837 1785 1078 1882 procedemus
1109 1781 1173 1861 sen
1200 1787 1383 1883 procedet
1398 1782 1445 1859 di·

416 1907 564 1985 morum
604 1899 829 1978 monitorum
862 1897 899 1974 dr
942 1899 1140 1976 citatorum
1180 1898 1349 1978 absentia
1378 1897 1443 1976 live

413 2021 644 2107 contumacia
659 2020 696 2096 in
711 2019 835 2114 aliquo
852 2040 925 2095 non
944 2018 1241 2116 nannetensem
1260 2042 1356 2099 vero
1368 2038 1444 2098 exa·

415 2137 576 2219 cucionis
603 2131 816 2210 municionis
841 2128 1079 2212 sccitacionis
1095 2130 1304 2210 vestrarum
1327 2132 1444 2233 hujus·

416 2256 517 2339 modi
529 2248 805 2349 atquesormam
819 2245 1041 2348 &quidquid
1059 2248 1286 2347 inprenrillis
1303 2250 1445 2329 duxeri·

415 2377 462 2453 tis
478 2370 685 2449 iaciendum
699 2365 803 2441 nobis
822 2387 892 2462 per
906 2367 1042 2446 vestras
1053 2381 1219 2462 patentes
1230 2366 1373 2447 litteras
1387 2381 1445 2447 aut

420 2479 1043 2578 instrumentumpublicumharum
1060 2471 1189 2559 seriem
1215 2478 1444 2585 seudefigna·

414 2606 557 2684 cionem
588 2600 624 2674 in
656 2594 692 2673 se
717 2596 941 2672 continentes
980 2595 1056 2674 srva
1095 2596 1285 2672 continens
1328 2593 1445 2676 remil-

416 2720 463 2799 srs
491 2711 718 2814 presentibus
750 2709 908 2787 fideliter
938 2711 1111 2787 intimare
1140 2710 1301 2807 curetis,
1329 2708 1443 2789 Abso-

421 2832 603 2912 lucionem
625 2844 718 2901 vcro
747 2823 912 2902 omnium
937 2823 971 2898 dr
997 2824 1226 2926 singulorum
1247 2823 1312 2921 qui
1329 2823 1444 2921 presa·

414 2966 492 3028 tam
530 2945 689 3023 nostram
715 2943 1108 3018 excommunicacionis
1141 2938 1365 3019 sentenciam
1395 2944 1444 3020 in·

416 3062 604 3144 currerint
632 3059 894 3156 quoquomodo
916 3059 1021 3134 nobis
1045 3058 1106 3134 vel
1119 3053 1303 3155 superiori
1326 3059 1442 3159 nostro

416 3172 670 3255 tantummodo
693 3167 935 3250 reservamus.
986 3172 1027 3247 lu
1050 3193 1209 3272 quorum
1231 3171 1442 3249 omnium&

415 3292 646 3395 singulorum
693 3286 802 3362 iidem
829 3286 866 3361 dc
902 3285 1147 3390 testimonium
1189 3286 1443 3386 premissorum
1483 3315 1489 3428 ι

401 3407 605 3509 *presentes
639 3407 776 3483 nostras
809 3408 934 3488 literas
961 3408 1175 3486 monitorias
1208 3407 1245 3483 sc
1268 3410 1306 3486 in
1338 3430 1445 3485 even·

415 3540 495 3600 tum
515 3518 700 3596 citatorias
727 3541 774 3596 err
795 3521 879 3597 inde
896 3521 1027 3598 lierisr
1052 3544 1120 3619 per
1140 3522 1328 3600 notarium
1355 3523 1443 3622 pub·

417 3634 531 3713 licum
555 3630 791 3725 nostrumque
815 3628 1074 3732 &hujusmodi
1100 3629 1204 3711 cause
1232 3657 1360 3712 coram
1385 3657 1445 3712 no·

415 3740 473 3819 bis
497 3737 653 3815 scribam
680 3737 776 3815 infra
801 3736 978 3840 scriptum
1001 3738 1235 3819 subscribi&
1266 3743 1445 3841 perblicari

417 3855 677 3940 mandavimus
707 3857 893 3955 nostrique
915 3859 1022 3962 ngtlli
1047 3857 1209 3957 juffimus'
1237 3861 1444 3940 defecimus

411 3963 636 4064 appenfione
663 3969 898 4046 communiri.
950 3970 1140 4048 Datumdc
1163 3971 1292 4051 adium
1315 3974 1467 4052 ssasrtee.

414 4082 455 4159 in
479 4078 618 4155 ambitu
639 4082 844 4180 monasteri]
866 4084 1035 4162 Fratrum
1066 4084 1264 4186 Minorunr
1286 4091 1446 4192 predidlo
1487 4093 1489 4170 l

413 4192 521 4274 nobis
535 4192 628 4274 itribi
641 4194 736 4275 nora
761 4193 1000 4297 vesperarum
1018 4195 1054 4278 dr
1073 4196 1267 4288 causarum
1284 4204 1445 4287 consueta
1484 4189 1489 4334 l

1358 4326 1489 4750 al
