3409 5117
386 531 471 614 aaa?
714 525 987 592 ww*

264 777 268 792 ,
333 687 520 792 emptorie
537 684 774 782 mandantes,
808 700 986 783 quatenus
1002 681 1132 787 nugati
1150 703 1367 769 executores

333 812 412 894 save
424 808 673 909 quorumlibet
695 805 954 882 desuntlornm
977 807 1216 887 manufideles
1234 812 1368 888 nedum

333 930 384 1008 sie
396 925 602 1005 fertonibus
619 921 765 1025 argenti
787 920 886 997 infra
904 921 1060 999 mensem
1078 922 1284 1002 satisfacere
1310 924 1367 1005 sed

332 1049 480 1132 &insta
495 1046 583 1124 anni
611 1044 764 1141 spatium
787 1067 812 1118 a
834 1061 1003 1139 tempore
1029 1045 1154 1122 obitus
1173 1049 1367 1138 desunslo·

331 1188 421 1249 rum
443 1161 652 1261 hujusmodi
677 1162 923 1257 computando
947 1160 1127 1238 rationem
1149 1166 1367 1266 legittimam

336 1291 461 1376 facere
486 1286 651 1362 studeant
664 1303 711 1359 ac
729 1283 890 1381 quilibet
904 1284 1074 1359 Decanus
1101 1282 1177 1368 five
1197 1286 1368 1362 Camera-

332 1412 413 1490 rius
431 1404 618 1482 biblorum
644 1400 901 1478 defunctorum
927 1401 966 1477 in
985 1398 1050 1475 suo
1076 1401 1242 1478 distristu
1260 1406 1366 1481 dcce-

333 1531 500 1610 tlentiom
529 1523 830 1603 beneficiatorum
857 1522 1003 1600 obitum
1025 1542 1071 1599 ac
1099 1531 1302 1600 eorundem
1334 1518 1368 1602 ἃ

332 1638 772 1721 manuhdeliumnomina
787 1656 895 1736 atque
908 1634 1122 1733 cognomina
1136 1637 1304 1716 similiter
1316 1637 1368 1715 in·

333 1742 537 1854 stomensis
552 1752 762 1850 spatiumut
777 1753 887 1849 supra
905 1774 926 1827 a
940 1753 998 1827 die
1018 1752 1138 1829 obitus
1150 1770 1369 1849 compntan-

234 1958 239 1968 ἡ
333 1875 384 1950 tlo
415 1884 618 1948 memorato
645 1867 784 1944 vicario
816 1864 938 1942 noslro
972 1864 1153 1944 notificari
1178 1881 1366 1965 procuret.

334 1994 487 2096 Insuper
510 1996 683 2069 volumus
704 1990 741 2068 tic
762 1987 923 2070 distrisle
949 1992 1095 2093 bngnlis
1119 2011 1367 2092 quarumcun-

333 2135 408 2214 que
423 2110 694 2211 parochialium
713 2106 893 2186 dictorum
912 2112 1117 2186 nostrarum
1137 2109 1310 2190 Civitatis
1333 2105 1367 2186 ἀ

336 2227 482 2310 diocesis
499 2216 730 2302 ecclesiarum
749 2222 912 2319 plebanis
930 2224 1152 2322 precipimus
1166 2222 1204 2299 nt
1217 2221 1366 2304 mandor

237 2361 240 2365 '
332 2371 416 2427 mus
430 2360 607 2446 quatenus
629 2345 753 2443 quivis
771 2362 900 2419 eorum
918 2343 953 2419 in
970 2341 1046 2437 eius
1065 2340 1213 2420 ecclesia
1234 2343 1270 2419 bc
1287 2361 1365 2415 am·
1394 2409 1403 2443 „

332 2454 432 2540 bone
449 2462 544 2538 binIs
559 2464 618 2537 vel
637 2462 806 2558 pluribus
824 2455 1025 2537 Dominicis
1043 2461 1172 2538 diebus
1197 2459 1367 2559 proxime

333 2583 416 2683 post
437 2583 660 2680 presentium
684 2582 971 2680 publicationem
995 2583 1070 2663 five
1090 2582 1367 2660 insnuationent

335 2708 473 2787 factam
492 2704 722 2804 sequentibus
742 2706 983 2803 parochianos
1000 2704 1140 2786 suosne
1156 2709 1274 2807 aliqui
1289 2728 1364 2784 rna·

333 2825 550 2903 trimonium
569 2824 788 2900 clandestine
812 2828 1033 2903 contrahere
1051 2823 1113 2902 seu
1129 2843 1213 2901 ante
1238 2826 1371 2903 matri·

334 2936 448 3037 monij
465 2939 502 3013 in
519 2935 614 3013 facie
636 2937 781 3015 ecclesie
805 2938 1156 3038 solempnisationem
1181 2938 1216 3017 se
1239 2960 1366 3018 carna·

333 3057 421 3141 liter
434 3056 655 3161 cognoscere
677 3076 741 3136 aot
765 3058 830 3139 fibi
856 3062 1014 3140 invicem
1041 3063 1256 3140 cohabitare
1284 3055 1365 3158 pre·¹

334 3180 479 3259 sumant
494 3177 554 3253 sed
566 3177 615 3251 ab
631 3175 838 3277 hujusmodi
852 3184 1000 3258 omnino
1016 3180 1216 3259 abstineant
1228 3179 1365 3286 subest<

278 3337 280 3351 =
333 3294 725 3377 communicationis&
746 3298 825 3397 aliis
850 3299 887 3375 in
909 3297 1130 3399 processibus
1144 3324 1165 3377 a
1179 3302 1285 3380 nobis
1305 3300 1365 3380 de·

333 3410 446 3511 super
470 3413 643 3489 emanatis
674 3416 776 3512 penis
799 3419 978 3496 contentis
1004 3417 1201 3521 diligenter
1224 3415 1364 3498 avisano

332 3548 408 3607 non
425 3530 664 3627 postponant,
700 3552 746 3605 ne
772 3530 911 3611 dehoc
938 3534 1183 3635 ignorantiam
1206 3533 1365 3631 aliquam

259 3732 261 3745 Ι
333 3648 552 3746 pretendere
569 3647 701 3746 poffint
716 3647 791 3725 five
809 3652 918 3729 etiam
937 3647 1213 3748 quomodolibet
1228 3650 1367 3756 allega·

333 3781 389 3838 re.
455 3759 705 3837 certificantes
744 3782 869 3840 omnes
912 3762 947 3839 tit
980 3762 1139 3868 singulos
1171 3758 1273 3841 secus
1311 3759 1364 3866 fa·¹

334 3878 470 3960 cientes
495 3885 561 3955 aut
596 3878 805 3979 hujusmodi
833 3881 901 3991 stc.
944 3898 986 3959 ut
1023 3882 1143 3982 sopra.
1225 3881 1364 3962 Datum

334 4002 376 4083 iu
407 4000 505 4080 orna
537 4000 660 4085 nostra
699 4002 849 4080 civitate
885 4001 1034 4103 spirensi
1074 4004 1168 4081 seria
1206 4002 1365 4108 secundo

332 4119 414 4217 post
441 4115 572 4196 festum
608 4116 770 4203 omnium
800 4116 1008 4200 sanctorum
1032 4141 1127 4198 anno
1157 4114 1235 4196 lilii
1275 4117 1375 4197 nott..

333 4233 458 4328 losimo
518 4232 876 4339 quadringentesimo
945 4236 1191 4341 nonagesimo
1242 4232 1367 4333 prinu

517 4411 521 4420 .
1161 4402 1175 4410 ψ
1250 4372 1321 4432 110.
