3409 5117
403 534 531 627 ru·
741 457 1104 592 ms

355 691 547 791 quiturdt
575 685 627 770 est
640 688 745 770 talita
770 735 788 754 ·
812 690 918 769 Licet
944 690 1062 769 otonis
1082 688 1213 772 anima
1230 688 1382 790 superio·

354 801 459 891 'ribus
487 809 725 910 potestatibus
746 809 791 887 nt
811 805 958 885 subdita
979 830 1053 886 non
1078 825 1207 888 tamen
1230 812 1284 887 ita
1308 834 1382 887 one·

352 933 437 1038 rosa
464 929 540 1031 ipsa
556 934 713 1032 potelius
732 932 887 1011 existere
906 930 1017 1007 debet
1038 946 1081 1009 ut
1099 931 1270 1010 subditos
1286 931 1381 1031 talliis

356 1055 394 1130 ἀ
417 1054 674 1134 exaccionibus
695 1053 875 1156 grauibus
899 1072 1056 1129 onerare
1077 1050 1288 1150 presumat,
1297 1054 1382 1153 quod

356 1172 472 1267 eciam
495 1171 533 1246 in
556 1169 718 1266 conciliis
748 1166 908 1266 antiquis
936 1166 1126 1246 manifeste
1154 1172 1285 1246 extitit
1305 1190 1381 1266 pro·

352 1288 534 1375 bibituro,
560 1283 620 1363 sed
646 1283 763 1362 solum
788 1282 923 1361 eisdem
948 1271 1018 1382 pro
1039 1288 1168 1364 multis
1201 1287 1379 1366 neceffita·

355 1405 454 1510 tibus
486 1424 558 1503 que
581 1400 801 1502 aliquotiens
825 1395 1113 1499 superveniunt,
1144 1403 1171 1479 ii
1199 1404 1379 1483 manifella

354 1507 648 1612 'irrationabilis
678 1519 785 1596 eausa
807 1520 879 1598 hoe
918 1517 1091 1616 exposcat
1109 1543 1198 1600 eom
1234 1527 1378 1603 caritate

350 1640 583 1716 moderatum
606 1658 628 1711 a
653 1630 804 1711 subditis
830 1636 979 1711 valeant
1001 1634 1181 1713 auxilium
1200 1644 1377 1736 postulare

349 1753 397 1848 fic
424 1753 617 1852 impatiens
648 1752 697 1827 ad
729 1753 999 1848 tollerandum,
1026 1755 1118 1830 Corn
1147 1757 1249 1836 eninr
1282 1762 1373 1837 dicat

349 1873 554 1969 apostolus,
576 1893 649 1949 non
686 1871 821 1950 debent
845 1872 909 1970 filij
944 1872 1185 1952 thesaurisare
1218 1880 1374 1976 parenti·

348 1987 437 2087 bus,
468 1987 531 2068 sed
566 2005 735 2088 parentes
768 1989 875 2090 liliis,
912 2016 996 2072 narn
1024 1996 1195 2080 multum,
1221 2002 1375 2102 longer

226 2111 229 2123 '
348 2125 503 2210 paterna
526 2108 675 2184 videtur
694 2106 855 2206 pietate,
879 2108 907 2185 fi
935 2110 1108 2208 prepofiti
1130 2113 1291 2191 subditis
1310 2115 1372 2190 suis

348 2237 482 2328 graves
506 2225 681 2318 existant,
703 2246 797 2323 quor
827 2223 995 2305 iurantis
1020 2230 1292 2309 oeceffitatibus
1315 2254 1371 2329 pa·

345 2338 449 2414 storis
477 2335 610 2413 debent
640 2336 761 2433 mori,
785 2334 857 2415 hoe
880 2338 941 2437 pie
963 2340 999 2418 in
1026 2341 1170 2420 Christo
1207 2342 1371 2422 saodlilli·

346 2472 428 2528 rnus
445 2449 550 2525 Pater
564 2445 600 2522 dr
616 2445 798 2525 Dominus
814 2445 919 2525 Dnus
937 2449 1122 2528 Martinus
1147 2455 1278 2532 dis-lna
1291 2477 1370 2551 pro·

344 2565 506 2638 videntia
524 2561 620 2660 Papa
648 2561 795 2658 quintus
817 2565 1006 2643 attendens
1036 2567 1072 2643 in
1093 2570 1264 2646 Concilio
1282 2576 1370 2651 con·

344 2669 524 2753 ilantiensr
555 2667 781 2769 precepit&
813 2675 1022 2770 mandavit,
1053 2673 1215 2775 juraque
1247 2684 1366 2779 probi.

345 2799 433 2874 bent
466 2780 703 2870 inferioribus
726 2813 750 2868 a
774 2790 871 2891 Papa
905 2795 1122 2872 decimas&
1153 2800 1227 2876 alia
1262 2825 1365 2881 onera

290 3011 293 3018 .
344 2914 499 3020 ecclefijs
522 2912 557 2989 dr
581 2911 823 2991 ecclesiasticis
860 2915 1022 3010 personis
1055 2915 1230 3014 impons,
1255 2926 1364 3002 distri·

340 3034 434 3111 elius
454 3024 641 3106 observari
656 3029 821 3107 volentes
834 3030 913 3107 Nor
940 3030 1056 3132 igitur
1072 3034 1278 3114 Amoenus
1291 3040 1364 3118 Ab·

339 3145 402 3225 bas
437 3144 575 3223 Decani
605 3140 639 3219 dr
669 3143 839 3242 Capitula
867 3144 1012 3243 juribus>
1048 3150 1361 3234 constitutionibus

341 3258 561 3359 Apostolieis
583 3254 619 3332 dr
643 3252 723 3357 alijs
759 3255 1050 3336 ordinationibus
1081 3251 1243 3343 firmiter
1269 3269 1363 3345 lohe·

339 3375 423 3454 ‘rere
447 3368 612 3468 expresse
640 3369 885 3467 protestamur
908 3369 946 3449 in
976 3371 1046 3471 hijs
1077 3371 1249 3472 scriptis,
1274 3377 1363 3477 quod

337 3489 435 3567 ano
460 3488 496 3563 in
522 3484 665 3564 cbristo
687 3486 785 3563 Patri
806 3483 842 3561 ἃ
863 3485 948 3565 Dno
968 3486 1090 3565 nostro
1106 3487 1194 3567 Duo
1216 3498 1362 3571 Conrado

337 3606 457 3687 Archi
486 3598 665 3702 Episoopo
685 3596 865 3701 Magunt:
890 3603 1130 3701 pernrodum
1155 3604 1362 3688 subventio·

335 3722 390 3799 nis
416 3713 668 3796 caritative&
695 3736 769 3791 non
800 3715 909 3793 aliter
936 3737 1004 3793 nec
1025 3716 1113 3793 alias
1148 3743 1274 3818 neque
1296 3722 1361 3803 alio

335 3839 447 3922 modo
481 3833 609 3931 sponte
639 3853 683 3908 ac
705 3854 808 3910 mere
839 3831 1044 3911 liberaliter
1069 3837 1117 3911 ad
1162 3838 1361 3935 presens&

332 3980 403 4058 pro
431 3955 501 4031 hae
524 3952 605 4029 vice
634 3951 824 4027 dumtaxat
846 3950 892 4028 de
920 3951 1123 4030 redditibus
1149 3953 1186 4028 dr
1212 3954 1359 4048 faculta-

332 4067 430 4147 tibus
459 4092 500 4147 ac
533 4065 638 4144 bonis
667 4066 795 4145 nostris
829 4067 933 4144 rnille
968 4068 1249 4173 quadringentis
1271 4071 1361 4149 sexa·

337 4184 442 4296 ginta
464 4181 624 4282 quinque
649 4179 799 4261 floreru'r
829 4179 913 4264 auri
946 4179 1127 4264 'tradimus
1153 4185 1189 4266 oz
1216 4186 1362 4291 affigur-

1103 4390 1105 4393 ,
1220 4322 1320 4401 tuus,

1390 4387 1411 4704 l
