<?xml version="1.0" encoding="UTF-8"?>
<!DOCTYPE html PUBLIC "-//W3C//DTD XHTML 1.0 Transitional//EN"
    "http://www.w3.org/TR/xhtml1/DTD/xhtml1-transitional.dtd">
<html xmlns="http://www.w3.org/1999/xhtml" xml:lang="en" lang="en">
 <head>
  <title>
</title>
<meta http-equiv="Content-Type" content="text/html;charset=utf-8" />
  <meta name='ocr-system' content='tesseract 3.04.00' />
  <meta name='ocr-capabilities' content='ocr_page ocr_carea ocr_par ocr_line ocrx_word'/>
</head>
<body>
  <div class='ocr_page' id='page_1' title='image "./subsidiadiploma00wrgoog_0469.png"; bbox 0 0 3409 5117; ppageno 0'>
   <div class='ocr_carea' id='block_1_1' title="bbox 348 553 1399 2103">
    <p class='ocr_par' dir='ltr' id='par_1_1' title="bbox 348 553 1399 2103">
     <span class='ocr_line' id='line_1_1' title="bbox 662 553 1345 664; baseline 0.012 -50"><span class='ocrx_word' id='word_1_1' title='bbox 662 659 664 664; x_wconf 28' lang='grc' dir='ltr'>Ι</span> <span class='ocrx_word' id='word_1_2' title='bbox 742 553 1015 621; x_wconf 60' lang='lat' dir='ltr'><strong><em>m</em></strong></span> <span class='ocrx_word' id='word_1_3' title='bbox 1274 581 1345 658; x_wconf 69' lang='lat'>⁴31</span> 
     </span>
     <span class='ocr_line' id='line_1_2' title="bbox 351 710 1399 824; baseline -0.004 -28"><span class='ocrx_word' id='word_1_4' title='bbox 351 717 408 800; x_wconf 84' lang='lat' dir='ltr'>ad</span> <span class='ocrx_word' id='word_1_5' title='bbox 434 717 524 815; x_wconf 84' lang='lat' dir='ltr'>jara</span> <span class='ocrx_word' id='word_1_6' title='bbox 547 716 776 794; x_wconf 75' lang='lat' dir='ltr'>reddendum</span> <span class='ocrx_word' id='word_1_7' title='bbox 802 716 839 794; x_wconf 92' lang='lat' dir='ltr'>in</span> <span class='ocrx_word' id='word_1_8' title='bbox 862 713 1086 824; x_wconf 80' lang='lat' dir='ltr'>loeonollro</span> <span class='ocrx_word' id='word_1_9' title='bbox 1104 710 1210 794; x_wconf 86' lang='lat' dir='ltr'>solito</span> <span class='ocrx_word' id='word_1_10' title='bbox 1232 732 1306 818; x_wconf 88' lang='lat' dir='ltr'>pro</span> <span class='ocrx_word' id='word_1_11' title='bbox 1329 723 1399 805; x_wconf 76' lang='lat' dir='ltr'>tri.</span> 
     </span>
     <span class='ocr_line' id='line_1_3' title="bbox 354 832 1395 927; baseline 0.009 -9"><span class='ocrx_word' id='word_1_12' title='bbox 354 839 489 917; x_wconf 88' lang='lat' dir='ltr'>bunali</span> <span class='ocrx_word' id='word_1_13' title='bbox 530 838 692 913; x_wconf 84' lang='lat' dir='ltr'>sedentes</span> <span class='ocrx_word' id='word_1_14' title='bbox 732 832 799 913; x_wconf 84' lang='lat' dir='ltr'>sub</span> <span class='ocrx_word' id='word_1_15' title='bbox 824 857 920 913; x_wconf 88' lang='lat' dir='ltr'>auno</span> <span class='ocrx_word' id='word_1_16' title='bbox 953 833 973 910; x_wconf 74' lang='lat' dir='ltr'>d</span> <span class='ocrx_word' id='word_1_17' title='bbox 1004 837 1211 916; x_wconf 80' lang='lat' dir='ltr'>Nativitote</span> <span class='ocrx_word' id='word_1_18' title='bbox 1242 841 1395 927; x_wconf 77' lang='lat' dir='ltr'>Domini</span> 
     </span>
     <span class='ocr_line' id='line_1_4' title="bbox 355 957 1396 1061; baseline 0.009 -20"><span class='ocrx_word' id='word_1_19' title='bbox 355 961 565 1041; x_wconf 80' lang='lat' dir='ltr'>Millefimo</span> <span class='ocrx_word' id='word_1_20' title='bbox 582 957 941 1061; x_wconf 72' lang='lat' dir='ltr'>quadrmgentesnno</span> <span class='ocrx_word' id='word_1_21' title='bbox 957 958 1137 1037; x_wconf 73' lang='lat' dir='ltr'>tricesimo</span> <span class='ocrx_word' id='word_1_22' title='bbox 1155 967 1396 1050; x_wconf 76' lang='lat' dir='ltr'>terelaindie·</span> 
     </span>
     <span class='ocr_line' id='line_1_5' title="bbox 359 1071 1395 1177; baseline 0.013 -28"><span class='ocrx_word' id='word_1_23' title='bbox 359 1076 472 1153; x_wconf 87' lang='lat' dir='ltr'>cione</span> <span class='ocrx_word' id='word_1_24' title='bbox 496 1078 689 1177; x_wconf 76' lang='lat' dir='ltr'>undecima</span> <span class='ocrx_word' id='word_1_25' title='bbox 707 1072 770 1152; x_wconf 85' lang='lat' dir='ltr'>die</span> <span class='ocrx_word' id='word_1_26' title='bbox 794 1086 886 1152; x_wconf 83' lang='lat' dir='ltr'>vero</span> <span class='ocrx_word' id='word_1_27' title='bbox 915 1073 1096 1174; x_wconf 77' lang='lat' dir='ltr'>Nlereurij</span> <span class='ocrx_word' id='word_1_28' title='bbox 1122 1071 1293 1157; x_wconf 81' lang='lat' dir='ltr'>vieessmr</span> <span class='ocrx_word' id='word_1_29' title='bbox 1318 1103 1395 1163; x_wconf 87' lang='lat' dir='ltr'>ter·</span> 
     </span>
     <span class='ocr_line' id='line_1_6' title="bbox 354 1188 1394 1282; baseline 0.011 -15"><span class='ocrx_word' id='word_1_30' title='bbox 354 1194 415 1270; x_wconf 83' lang='lat' dir='ltr'>cia</span> <span class='ocrx_word' id='word_1_31' title='bbox 467 1192 596 1270; x_wconf 76' lang='lat' dir='ltr'>mensis</span> <span class='ocrx_word' id='word_1_32' title='bbox 651 1188 869 1267; x_wconf 83' lang='lat' dir='ltr'>Decembris</span> <span class='ocrx_word' id='word_1_33' title='bbox 910 1188 1142 1268; x_wconf 84' lang='lat' dir='ltr'>Pontificatus</span> <span class='ocrx_word' id='word_1_34' title='bbox 1184 1190 1394 1282; x_wconf 67' lang='lat' dir='ltr'>seneliffrmi</span> 
     </span>
     <span class='ocr_line' id='line_1_7' title="bbox 352 1297 1391 1421; baseline 0.007 -35"><span class='ocrx_word' id='word_1_35' title='bbox 352 1308 394 1386; x_wconf 90' lang='lat' dir='ltr'>in</span> <span class='ocrx_word' id='word_1_36' title='bbox 427 1308 572 1385; x_wconf 86' lang='lat' dir='ltr'>Christo</span> <span class='ocrx_word' id='word_1_37' title='bbox 605 1305 720 1383; x_wconf 85' lang='lat' dir='ltr'>Patris</span> <span class='ocrx_word' id='word_1_38' title='bbox 742 1305 783 1379; x_wconf 79' lang='lat' dir='ltr'>dr</span> <span class='ocrx_word' id='word_1_39' title='bbox 809 1299 963 1380; x_wconf 86' lang='lat' dir='ltr'>Donrini</span> <span class='ocrx_word' id='word_1_40' title='bbox 993 1297 1107 1383; x_wconf 80' lang='lat' dir='ltr'>nollri</span> <span class='ocrx_word' id='word_1_41' title='bbox 1132 1307 1207 1387; x_wconf 83' lang='lat' dir='ltr'>Dni</span> <span class='ocrx_word' id='word_1_42' title='bbox 1232 1299 1391 1421; x_wconf 81' lang='lat' dir='ltr'>Eugenij</span> 
     </span>
     <span class='ocr_line' id='line_1_8' title="bbox 351 1424 1390 1534; baseline 0.001 -33"><span class='ocrx_word' id='word_1_43' title='bbox 351 1426 498 1506; x_wconf 87' lang='lat' dir='ltr'>Divina</span> <span class='ocrx_word' id='word_1_44' title='bbox 520 1424 759 1525; x_wconf 78' lang='lat' dir='ltr'>providencia</span> <span class='ocrx_word' id='word_1_45' title='bbox 776 1424 874 1521; x_wconf 86' lang='lat' dir='ltr'>Pape</span> <span class='ocrx_word' id='word_1_46' title='bbox 902 1424 1024 1520; x_wconf 82' lang='lat' dir='ltr'>quarti</span> <span class='ocrx_word' id='word_1_47' title='bbox 1043 1443 1141 1501; x_wconf 85' lang='lat' dir='ltr'>¹anno</span> <span class='ocrx_word' id='word_1_48' title='bbox 1164 1430 1280 1507; x_wconf 89' lang='lat' dir='ltr'>tercio</span> <span class='ocrx_word' id='word_1_49' title='bbox 1302 1457 1390 1534; x_wconf 76' lang='lat' dir='ltr'>pre.</span> 
     </span>
     <span class='ocr_line' id='line_1_9' title="bbox 351 1537 1389 1645; baseline 0.013 -27"><span class='ocrx_word' id='word_1_50' title='bbox 351 1537 518 1619; x_wconf 82' lang='lat' dir='ltr'>sentibus</span> <span class='ocrx_word' id='word_1_51' title='bbox 541 1541 677 1617; x_wconf 87' lang='lat' dir='ltr'>ibidem</span> <span class='ocrx_word' id='word_1_52' title='bbox 709 1537 871 1617; x_wconf 81' lang='lat' dir='ltr'>discre&#39;tis</span> <span class='ocrx_word' id='word_1_53' title='bbox 895 1539 986 1615; x_wconf 80' lang='lat' dir='ltr'>viris</span> <span class='ocrx_word' id='word_1_54' title='bbox 1013 1538 1202 1643; x_wconf 65' lang='lat' dir='ltr'>bragensis</span> <span class='ocrx_word' id='word_1_55' title='bbox 1230 1548 1389 1645; x_wconf 82' lang='lat' dir='ltr'>johanne</span> 
     </span>
     <span class='ocr_line' id='line_1_10' title="bbox 351 1655 1387 1754; baseline 0 -19"><span class='ocrx_word' id='word_1_56' title='bbox 351 1657 536 1736; x_wconf 88' lang='lat' dir='ltr'>Bernardi</span> <span class='ocrx_word' id='word_1_57' title='bbox 553 1658 591 1733; x_wconf 78' lang='lat' dir='ltr'>dr</span> <span class='ocrx_word' id='word_1_58' title='bbox 608 1655 766 1754; x_wconf 80' lang='lat' dir='ltr'>johanne</span> <span class='ocrx_word' id='word_1_59' title='bbox 794 1655 941 1733; x_wconf 76' lang='lat' dir='ltr'>cariete</span> <span class='ocrx_word' id='word_1_60' title='bbox 960 1655 1111 1754; x_wconf 79' lang='lat' dir='ltr'>notarijs</span> <span class='ocrx_word' id='word_1_61' title='bbox 1128 1658 1284 1754; x_wconf 82' lang='lat' dir='ltr'>publicis</span> <span class='ocrx_word' id='word_1_62' title='bbox 1299 1664 1387 1747; x_wconf 79' lang='lat' dir='ltr'>scri.</span> 
     </span>
     <span class='ocr_line' id='line_1_11' title="bbox 350 1766 1385 1883; baseline -0.003 -29"><span class='ocrx_word' id='word_1_63' title='bbox 350 1774 484 1873; x_wconf 82' lang='lat' dir='ltr'>bisque</span> <span class='ocrx_word' id='word_1_64' title='bbox 514 1775 643 1853; x_wconf 87' lang='lat' dir='ltr'>nostris</span> <span class='ocrx_word' id='word_1_65' title='bbox 668 1774 810 1850; x_wconf 75' lang='lat' dir='ltr'>clericis</span> <span class='ocrx_word' id='word_1_66' title='bbox 834 1766 1041 1849; x_wconf 82' lang='lat' dir='ltr'>Leodieosrs</span> <span class='ocrx_word' id='word_1_67' title='bbox 1069 1771 1229 1883; x_wconf 83' lang='lat' dir='ltr'>Diocefis</span> <span class='ocrx_word' id='word_1_68' title='bbox 1244 1781 1385 1863; x_wconf 64' lang='lat' dir='ltr'>eme.</span> 
     </span>
     <span class='ocr_line' id='line_1_12' title="bbox 348 1879 1382 1981; baseline 0.012 -24"><span class='ocrx_word' id='word_1_69' title='bbox 348 1884 568 1964; x_wconf 85' lang='lat' dir='ltr'>diolanensrs</span> <span class='ocrx_word' id='word_1_70' title='bbox 601 1885 760 1963; x_wconf 75' lang='lat' dir='ltr'>civitatis</span> <span class='ocrx_word' id='word_1_71' title='bbox 795 1883 942 1963; x_wconf 82' lang='lat' dir='ltr'>testibus</span> <span class='ocrx_word' id='word_1_72' title='bbox 964 1883 1015 1957; x_wconf 85' lang='lat' dir='ltr'>ad</span> <span class='ocrx_word' id='word_1_73' title='bbox 1042 1884 1216 1981; x_wconf 74' lang='lat' dir='ltr'>premiffa</span> <span class='ocrx_word' id='word_1_74' title='bbox 1241 1879 1382 1979; x_wconf 55' lang='lat' dir='ltr'>vocati&amp;</span> 
     </span>
     <span class='ocr_line' id='line_1_13' title="bbox 351 2000 802 2103; baseline 0.002 -23"><span class='ocrx_word' id='word_1_75' title='bbox 351 2000 565 2099; x_wconf 84' lang='lat' dir='ltr'>specialiter</span> <span class='ocrx_word' id='word_1_76' title='bbox 583 2003 625 2078; x_wconf 78' lang='lat' dir='ltr'>dr</span> <span class='ocrx_word' id='word_1_77' title='bbox 649 2003 802 2103; x_wconf 81' lang='lat' dir='ltr'>rogatis.</span> 
     </span>
    </p>
   </div>
   <div class='ocr_carea' id='block_1_2' title="bbox 331 2154 1410 3910">
    <p class='ocr_par' dir='ltr' id='par_1_2' title="bbox 331 2154 1410 3910">
     <span class='ocr_line' id='line_1_14' title="bbox 428 2154 1382 2275; baseline 0.001 -32"><span class='ocrx_word' id='word_1_78' title='bbox 428 2170 474 2243; x_wconf 83' lang='lat' dir='ltr'>Et</span> <span class='ocrx_word' id='word_1_79' title='bbox 495 2158 575 2265; x_wconf 84' lang='lat' dir='ltr'>Ego</span> <span class='ocrx_word' id='word_1_80' title='bbox 598 2154 832 2243; x_wconf 76' lang='lat' dir='ltr'>Hermannbs</span> <span class='ocrx_word' id='word_1_81' title='bbox 855 2154 953 2269; x_wconf 73' lang='lat' dir='ltr'>iegir</span> <span class='ocrx_word' id='word_1_82' title='bbox 970 2167 1020 2242; x_wconf 89' lang='lat' dir='ltr'>de</span> <span class='ocrx_word' id='word_1_83' title='bbox 1038 2162 1294 2275; x_wconf 80' lang='lat' dir='ltr'>spangenberg</span> <span class='ocrx_word' id='word_1_84' title='bbox 1306 2179 1382 2253; x_wconf 87' lang='lat' dir='ltr'>ele.</span> 
     </span>
     <span class='ocr_line' id='line_1_15' title="bbox 348 2274 1381 2382; baseline 0.009 -25"><span class='ocrx_word' id='word_1_85' title='bbox 348 2280 452 2357; x_wconf 86' lang='lat' dir='ltr'>ricus</span> <span class='ocrx_word' id='word_1_86' title='bbox 486 2274 782 2379; x_wconf 64' lang='lat' dir='ltr'>Mogoorinensrs</span> <span class='ocrx_word' id='word_1_87' title='bbox 812 2274 960 2354; x_wconf 76' lang='lat' dir='ltr'>diocesis</span> <span class='ocrx_word' id='word_1_88' title='bbox 994 2275 1164 2374; x_wconf 81' lang='lat' dir='ltr'>publicos</span> <span class='ocrx_word' id='word_1_89' title='bbox 1196 2280 1381 2382; x_wconf 74' lang='lat' dir='ltr'>imperiali</span> 
     </span>
     <span class='ocr_line' id='line_1_16' title="bbox 346 2392 1377 2493; baseline 0.008 -18"><span class='ocrx_word' id='word_1_90' title='bbox 346 2395 572 2475; x_wconf 68' lang='lat' dir='ltr'>aucloritate</span> <span class='ocrx_word' id='word_1_91' title='bbox 607 2395 785 2472; x_wconf 80' lang='lat' dir='ltr'>Notarius</span> <span class='ocrx_word' id='word_1_92' title='bbox 822 2392 983 2493; x_wconf 71' lang='lat' dir='ltr'>didiique</span> <span class='ocrx_word' id='word_1_93' title='bbox 1022 2394 1234 2472; x_wconf 83' lang='lat' dir='ltr'>Reverendi</span> <span class='ocrx_word' id='word_1_94' title='bbox 1261 2400 1377 2483; x_wconf 79' lang='lat' dir='ltr'>Patris</span> 
     </span>
     <span class='ocr_line' id='line_1_17' title="bbox 350 2512 1376 2613; baseline 0.015 -24"><span class='ocrx_word' id='word_1_95' title='bbox 350 2515 732 2613; x_wconf 76' lang='lat' dir='ltr'>Guillermijudieisdr</span> <span class='ocrx_word' id='word_1_96' title='bbox 751 2512 981 2613; x_wconf 82' lang='lat' dir='ltr'>commiliarij</span> <span class='ocrx_word' id='word_1_97' title='bbox 996 2515 1030 2591; x_wconf 82' lang='lat' dir='ltr'>dr</span> <span class='ocrx_word' id='word_1_98' title='bbox 1045 2512 1252 2613; x_wconf 79' lang='lat' dir='ltr'>hujusmodi</span> <span class='ocrx_word' id='word_1_99' title='bbox 1267 2523 1376 2606; x_wconf 85' lang='lat' dir='ltr'>cause</span> 
     </span>
     <span class='ocr_line' id='line_1_18' title="bbox 346 2638 1373 2739; baseline 0.005 -22"><span class='ocrx_word' id='word_1_100' title='bbox 346 2663 474 2717; x_wconf 86' lang='lat' dir='ltr'>coram</span> <span class='ocrx_word' id='word_1_101' title='bbox 498 2663 542 2716; x_wconf 90' lang='lat' dir='ltr'>eo</span> <span class='ocrx_word' id='word_1_102' title='bbox 565 2638 683 2718; x_wconf 87' lang='lat' dir='ltr'>scriba</span> <span class='ocrx_word' id='word_1_103' title='bbox 705 2640 792 2738; x_wconf 85' lang='lat' dir='ltr'>quia</span> <span class='ocrx_word' id='word_1_104' title='bbox 813 2638 987 2739; x_wconf 77' lang='lat' dir='ltr'>prediclis</span> <span class='ocrx_word' id='word_1_105' title='bbox 1014 2638 1144 2718; x_wconf 73' lang='lat' dir='ltr'>limeris</span> <span class='ocrx_word' id='word_1_106' title='bbox 1166 2640 1373 2739; x_wconf 78' lang='lat' dir='ltr'>monitoriis</span> 
     </span>
     <span class='ocr_line' id='line_1_19' title="bbox 342 2756 1375 2862; baseline 0.007 -28"><span class='ocrx_word' id='word_1_107' title='bbox 342 2760 519 2858; x_wconf 88' lang='lat' dir='ltr'>peticioni</span> <span class='ocrx_word' id='word_1_108' title='bbox 543 2762 579 2836; x_wconf 78' lang='lat' dir='ltr'>&#39;dr</span> <span class='ocrx_word' id='word_1_109' title='bbox 618 2764 779 2837; x_wconf 85' lang='lat' dir='ltr'>decrero·</span> <span class='ocrx_word' id='word_1_110' title='bbox 796 2756 1038 2856; x_wconf 85' lang='lat' dir='ltr'>omnibusque</span> <span class='ocrx_word' id='word_1_111' title='bbox 1057 2759 1138 2856; x_wconf 81' lang='lat' dir='ltr'>alijs</span> <span class='ocrx_word' id='word_1_112' title='bbox 1163 2759 1200 2833; x_wconf 81' lang='lat' dir='ltr'>dr</span> <span class='ocrx_word' id='word_1_113' title='bbox 1223 2757 1375 2862; x_wconf 77' lang='lat' dir='ltr'>singulis</span> 
     </span>
     <span class='ocr_line' id='line_1_20' title="bbox 341 2866 1375 2971; baseline -0.007 -27"><span class='ocrx_word' id='word_1_114' title='bbox 341 2868 523 2966; x_wconf 79' lang='lat' dir='ltr'>premilsrs</span> <span class='ocrx_word' id='word_1_115' title='bbox 555 2872 642 2946; x_wconf 90' lang='lat' dir='ltr'>dum</span> <span class='ocrx_word' id='word_1_116' title='bbox 670 2868 718 2945; x_wconf 84' lang='lat' dir='ltr'>fic</span> <span class='ocrx_word' id='word_1_117' title='bbox 740 2882 783 2944; x_wconf 85' lang='lat' dir='ltr'>ut</span> <span class='ocrx_word' id='word_1_118' title='bbox 822 2868 1053 2965; x_wconf 83' lang='lat' dir='ltr'>premittitur</span> <span class='ocrx_word' id='word_1_119' title='bbox 1079 2866 1210 2943; x_wconf 74' lang='lat' dir='ltr'>fierent</span> <span class='ocrx_word' id='word_1_120' title='bbox 1227 2867 1264 2943; x_wconf 78' lang='lat' dir='ltr'>dr</span> <span class='ocrx_word' id='word_1_121' title='bbox 1285 2892 1375 2971; x_wconf 81' lang='lat' dir='ltr'>nge.</span> 
     </span>
     <span class='ocr_line' id='line_1_21' title="bbox 340 2969 1372 3095; baseline -0.003 -29"><span class='ocrx_word' id='word_1_122' title='bbox 340 3006 475 3066; x_wconf 76' lang='lat' dir='ltr'>rentur</span> <span class='ocrx_word' id='word_1_123' title='bbox 497 3012 570 3065; x_wconf 78' lang='lat' dir='ltr'>rma</span> <span class='ocrx_word' id='word_1_124' title='bbox 595 3012 678 3067; x_wconf 87' lang='lat' dir='ltr'>cum</span> <span class='ocrx_word' id='word_1_125' title='bbox 701 2989 963 3087; x_wconf 83' lang='lat' dir='ltr'>prenominatis</span> <span class='ocrx_word' id='word_1_126' title='bbox 988 2969 1136 3095; x_wconf 86' lang='lat' dir='ltr'>testibus</span> <span class='ocrx_word' id='word_1_127' title='bbox 1154 2985 1299 3084; x_wconf 91' lang='lat' dir='ltr'>presens</span> <span class='ocrx_word' id='word_1_128' title='bbox 1311 2991 1372 3063; x_wconf 84' lang='lat' dir='ltr'>in·</span> 
     </span>
     <span class='ocr_line' id='line_1_22' title="bbox 340 3097 1373 3208; baseline 0.003 -35"><span class='ocrx_word' id='word_1_129' title='bbox 340 3098 457 3175; x_wconf 86' lang='lat' dir='ltr'>terfui</span> <span class='ocrx_word' id='word_1_130' title='bbox 471 3099 863 3197; x_wconf 70' lang='lat' dir='ltr'>eaqueficfierivididr</span> <span class='ocrx_word' id='word_1_131' title='bbox 877 3099 1003 3208; x_wconf 82' lang='lat' dir='ltr'>audivi</span> <span class='ocrx_word' id='word_1_132' title='bbox 1021 3100 1105 3175; x_wconf 90' lang='lat' dir='ltr'>ideo</span> <span class='ocrx_word' id='word_1_133' title='bbox 1120 3097 1373 3196; x_wconf 86' lang='lat' dir='ltr'>presenspub-</span> 
     </span>
     <span class='ocr_line' id='line_1_23' title="bbox 338 3213 1368 3315; baseline 0.006 -24"><span class='ocrx_word' id='word_1_134' title='bbox 338 3216 454 3291; x_wconf 84' lang='lat' dir='ltr'>licum</span> <span class='ocrx_word' id='word_1_135' title='bbox 481 3217 758 3293; x_wconf 82' lang='lat' dir='ltr'>instrumentum</span> <span class='ocrx_word' id='word_1_136' title='bbox 782 3238 851 3314; x_wconf 92' lang='lat' dir='ltr'>per</span> <span class='ocrx_word' id='word_1_137' title='bbox 871 3219 997 3295; x_wconf 87' lang='lat' dir='ltr'>alium&#39;</span> <span class='ocrx_word' id='word_1_138' title='bbox 1010 3216 1169 3293; x_wconf 78' lang='lat' dir='ltr'>fideliter</span> <span class='ocrx_word' id='word_1_139' title='bbox 1189 3213 1368 3315; x_wconf 84' lang='lat' dir='ltr'>scripturn</span> 
     </span>
     <span class='ocr_line' id='line_1_24' title="bbox 337 3330 1410 3431; baseline -0.001 -22"><span class='ocrx_word' id='word_1_140' title='bbox 337 3335 472 3409; x_wconf 80' lang='lat' dir='ltr'>exmde</span> <span class='ocrx_word' id='word_1_141' title='bbox 489 3330 629 3409; x_wconf 84' lang='lat' dir='ltr'>confeci</span> <span class='ocrx_word' id='word_1_142' title='bbox 646 3330 835 3427; x_wconf 83' lang='lat' dir='ltr'>subscripsr</span> <span class='ocrx_word' id='word_1_143' title='bbox 850 3331 1040 3429; x_wconf 87' lang='lat' dir='ltr'>publicavi</span> <span class='ocrx_word' id='word_1_144' title='bbox 1057 3332 1092 3408; x_wconf 74' lang='grc' dir='ltr'><strong><em>ἀ</em></strong></span> <span class='ocrx_word' id='word_1_145' title='bbox 1111 3331 1148 3407; x_wconf 92' lang='lat' dir='ltr'>in</span> <span class='ocrx_word' id='word_1_146' title='bbox 1162 3332 1256 3409; x_wconf 84' lang='lat' dir='ltr'>hanc</span> <span class='ocrx_word' id='word_1_147' title='bbox 1272 3331 1377 3431; x_wconf 68' lang='lat' dir='ltr'>pub</span> <span class='ocrx_word' id='word_1_148' title='bbox 1408 3393 1410 3398; x_wconf 91' lang='lat'>.</span> 
     </span>
     <span class='ocr_line' id='line_1_25' title="bbox 336 3444 1367 3547; baseline 0.008 -27"><span class='ocrx_word' id='word_1_149' title='bbox 336 3448 447 3524; x_wconf 86' lang='lat' dir='ltr'>licam</span> <span class='ocrx_word' id='word_1_150' title='bbox 482 3444 641 3520; x_wconf 86' lang='lat' dir='ltr'>formam</span> <span class='ocrx_word' id='word_1_151' title='bbox 672 3444 801 3545; x_wconf 86' lang='lat' dir='ltr'>redegi</span> <span class='ocrx_word' id='word_1_152' title='bbox 831 3444 1067 3547; x_wconf 78' lang='lat' dir='ltr'>fignoquedr</span> <span class='ocrx_word' id='word_1_153' title='bbox 1100 3446 1248 3522; x_wconf 79' lang='lat' dir='ltr'>nominc</span> <span class='ocrx_word' id='word_1_154' title='bbox 1275 3456 1367 3535; x_wconf 74' lang='lat' dir='ltr'>meis</span> 
     </span>
     <span class='ocr_line' id='line_1_26' title="bbox 334 3549 1364 3662; baseline 0.015 -26"><span class='ocrx_word' id='word_1_155' title='bbox 334 3558 448 3637; x_wconf 87' lang='lat' dir='ltr'>solitis</span> <span class='ocrx_word' id='word_1_156' title='bbox 471 3562 711 3640; x_wconf 70' lang='lat' dir='ltr'>&amp;consuetis</span> <span class='ocrx_word' id='word_1_157' title='bbox 734 3549 909 3640; x_wconf 80' lang='lat' dir='ltr'>una&#39;eom</span> <span class='ocrx_word' id='word_1_158' title='bbox 931 3563 1066 3662; x_wconf 84' lang='lat' dir='ltr'>prefati</span> <span class='ocrx_word' id='word_1_159' title='bbox 1084 3564 1234 3642; x_wconf 87' lang='lat' dir='ltr'>Domini</span> <span class='ocrx_word' id='word_1_160' title='bbox 1258 3570 1364 3651; x_wconf 86' lang='lat' dir='ltr'>Guil-</span> 
     </span>
     <span class='ocr_line' id='line_1_27' title="bbox 333 3675 1364 3785; baseline 0.006 -31"><span class='ocrx_word' id='word_1_161' title='bbox 333 3680 444 3755; x_wconf 87' lang='lat' dir='ltr'>lermi</span> <span class='ocrx_word' id='word_1_162' title='bbox 459 3678 588 3775; x_wconf 84' lang='lat' dir='ltr'>judicis</span> <span class='ocrx_word' id='word_1_163' title='bbox 605 3680 640 3755; x_wconf 75' lang='lat' dir='ltr'>dr</span> <span class='ocrx_word' id='word_1_164' title='bbox 660 3675 1023 3785; x_wconf 76' lang='lat' dir='ltr'>Commiiiariisrgilli</span> <span class='ocrx_word' id='word_1_165' title='bbox 1038 3681 1258 3777; x_wconf 75' lang='lat' dir='ltr'>appensione</span> <span class='ocrx_word' id='word_1_166' title='bbox 1276 3714 1364 3771; x_wconf 87' lang='lat' dir='ltr'>eon.</span> 
     </span>
     <span class='ocr_line' id='line_1_28' title="bbox 331 3794 1363 3910; baseline 0.013 -41"><span class='ocrx_word' id='word_1_167' title='bbox 331 3796 475 3895; x_wconf 75' lang='lat' dir='ltr'>figuavi</span> <span class='ocrx_word' id='word_1_168' title='bbox 490 3797 527 3871; x_wconf 90' lang='lat' dir='ltr'>in</span> <span class='ocrx_word' id='word_1_169' title='bbox 542 3796 650 3873; x_wconf 88' lang='lat' dir='ltr'>fidem</span> <span class='ocrx_word' id='word_1_170' title='bbox 673 3794 969 3875; x_wconf 72' lang='lat' dir='ltr'>&amp;testimonium</span> <span class='ocrx_word' id='word_1_171' title='bbox 986 3796 1150 3874; x_wconf 88' lang='lat' dir='ltr'>omnium</span> <span class='ocrx_word' id='word_1_172' title='bbox 1180 3802 1216 3879; x_wconf 77' lang='lat' dir='ltr'>dr</span> <span class='ocrx_word' id='word_1_173' title='bbox 1240 3801 1363 3910; x_wconf 76' lang='lat' dir='ltr'>lingn-</span> 
     </span>
    </p>
   </div>
   <div class='ocr_carea' id='block_1_3' title="bbox 331 3912 1218 4026">
    <p class='ocr_par' dir='ltr' id='par_1_3' title="bbox 331 3912 1218 4026">
     <span class='ocr_line' id='line_1_29' title="bbox 331 3912 1218 4026; baseline 0.002 -29"><span class='ocrx_word' id='word_1_174' title='bbox 331 3922 456 3998; x_wconf 86' lang='lat' dir='ltr'>lorum</span> <span class='ocrx_word' id='word_1_175' title='bbox 486 3912 745 4026; x_wconf 81' lang='lat' dir='ltr'>premifforunr</span> <span class='ocrx_word' id='word_1_176' title='bbox 775 3928 928 4017; x_wconf 84' lang='lat' dir='ltr'>rogatus</span> <span class='ocrx_word' id='word_1_177' title='bbox 954 3914 1218 4015; x_wconf 73' lang='lat' dir='ltr'>&amp;requisitus</span> 
     </span>
    </p>
   </div>
   <div class='ocr_carea' id='block_1_4' title="bbox 1260 4239 1359 4333">
    <p class='ocr_par' dir='ltr' id='par_1_4' title="bbox 1260 4239 1359 4333">
     <span class='ocr_line' id='line_1_30' title="bbox 1260 4239 1359 4333; baseline 0.071 -6"><span class='ocrx_word' id='word_1_178' title='bbox 1260 4239 1359 4333; x_wconf 84' lang='lat' dir='ltr'>PRO</span> 
     </span>
    </p>
   </div>
   <div class='ocr_carea' id='block_1_5' title="bbox 0 0 1710 5117">
    <p class='ocr_par' dir='ltr' id='par_1_5' title="bbox 0 0 1710 5117">
     <span class='ocr_line' id='line_1_31' title="bbox 0 0 1710 5117; baseline 0 11"><span class='ocrx_word' id='word_1_179' title='bbox 0 0 1710 5117; x_wconf 95' lang='lat' dir='ltr'> </span> 
     </span>
    </p>
   </div>
  </div>
 </body>
</html>
