3409 5117
1134 369 1140 403 l

727 547 1025 629 “W
1159 535 1171 556 ⁹
1263 569 1338 669 atr

345 702 508 807 mpure
526 708 633 787 nunu
654 707 878 794 ceruum
903 709 1163 807 paternione
1186 709 1266 809 aun
1284 710 1387 789 rnre.-
1414 683 1420 724 ¹

347 824 518 903 centibus
531 824 717 906 habitibus
734 827 773 906 iu
791 827 1025 911 ecelefiallice
1042 824 1230 927 religionis
1245 823 1387 923 obpro-

348 933 476 1023 brium
491 947 539 1024 ad
554 943 855 1027 innarlaicorom
879 946 1049 1027 incedere
1069 967 1144 1025 uon
1168 940 1387 1041 formidant,

346 1074 414 1131 nos
437 1057 554 1156 igitur
568 1063 795 1140 attendentes
811 1058 963 1141 clericos
983 1084 1055 1138 non
1071 1057 1257 1135 immerito
1272 1079 1295 1133 a
1314 1058 1384 1134 lai·

346 1171 398 1254 cis
413 1194 489 1256 nou
504 1192 646 1257 mutum
661 1177 740 1255 vite
756 1176 894 1255 normis
914 1199 1048 1260 verum
1065 1179 1175 1261 etiam
1187 1174 1384 1275 habituum

348 1290 621 1374 diverfitatibus
645 1291 728 1377 fore
750 1291 1005 1377 discernendos
1032 1293 1099 1378 sub
1132 1290 1385 1372 excommunis

345 1411 500 1492 cationis
515 1409 750 1508 suspensionis
770 1414 1059 1515 &gravioribus
1079 1414 1188 1492 etiam
1206 1411 1382 1512 pecunia·

343 1529 464 1629 riis&
488 1530 694 1628 arbitrorijs
720 1535 823 1630 penis
845 1533 1037 1616 antedictis
1058 1533 1218 1617 districte
1237 1531 1382 1613 inhibe·

343 1669 429 1723 mus
452 1670 500 1736 ne
518 1647 649 1746 aliquis
673 1652 892 1735 clericorum
922 1654 966 1726 de
986 1666 1108 1734 cetero
1135 1645 1383 1749 cujuscunque
1437 1667 1441 1674 ·

343 1766 456 1847 etiam
473 1766 737 1861 preeminentie
754 1768 869 1851 suerit
890 1769 1074 1847 tulismodi
1086 1769 1227 1852 calceos
1246 1764 1381 1844 rostra·

343 1901 400 1963 tos
419 1901 484 1966 eut
499 1881 615 1964 vestes
634 1883 778 1967 illicitas
803 1901 845 1969 ut
867 1885 1057 1989 prefertur
1083 1882 1227 1966 deferre
1252 1880 1381 1982 presu·
1422 1941 1425 1946 .

341 2018 435 2082 tuat.
491 2000 597 2081 Licet
621 1999 769 2099 insuper
796 2025 921 2082 omnes
950 2019 1162 2085 executores
1187 1998 1247 2082 seu
1270 2020 1382 2078 manu

344 2122 473 2204 fideles
489 2116 750 2199 desunslorum
769 2123 832 2224 qui
856 2125 900 2198 de
922 2120 1130 2203 fertonibus
1150 2121 1295 2220 argenti
1311 2121 1380 2199 Vi·

342 2245 447 2330 cerin
473 2255 540 2319 aut
561 2237 751 2340 sigillifero
773 2243 902 2321 nostro
927 2243 1090 2323 nondum
1124 2235 1379 2323 satisfecerunt
1452 2247 1455 2254 “

343 2361 484 2457 quique
506 2360 551 2432 de
572 2360 788 2440 executione.
803 2361 1105 2456 testamentorum
1121 2357 1219 2438 infra
1241 2382 1379 2463 annum

342 2472 553 2560 &mensem
581 2498 602 2551 a
622 2475 680 2551 die
701 2478 821 2554 obitus
841 2479 1022 2561 testatoris
1044 2480 1290 2574 computando
1318 2502 1379 2556 ra-

341 2599 481 2677 tionem
498 2592 701 2693 legitimam
721 2618 802 2677 uon
817 2594 974 2692 fecerint
996 2595 1100 2694 juxta
1120 2594 1378 2690 predictorum

341 2709 627 2814 processuum&
651 2712 868 2793 statutorum
888 2734 1054 2792 tenorem
1079 2716 1377 2795 exconmunica-

340 2829 451 2910 tionis
476 2828 689 2912 sententiam
712 2831 845 2913 edubie
881 2834 1096 2926 inciderint,
1130 2860 1176 2912 ex
1200 2832 1376 2932 superha-

340 2946 521 3029 bundanti
545 2962 667 3021 tamen
691 2969 761 3045 per
783 2947 951 3046 presente
997 2972 1122 3027 omnes
1150 2952 1186 3028 dt
1213 2950 1373 3050 fingulos

340 3077 557 3145 executores
568 3061 722 3142 &uranu
735 3064 859 3147 fideles
883 2973 1093 3161 hudsmodi
1109 3064 1174 3148 snb
1190 3067 1295 3145 fimili
1308 3089 1374 3143 ex·

340 3181 681 3267 communicationis
710 3207 806 3280 pena
825 3186 898 3262 late
920 3182 1094 3266 sententie
1106 3186 1247 3276 iterum
1272 3188 1307 3263 dr
1328 3191 1374 3267 de
1455 3207 1462 3234 ‘

319 3293 439 3374 'novo
463 3317 507 3376 ac
533 3316 579 3373 ex
608 3293 945 3394 superhabundanti
969 3314 1010 3373 ut
1035 3297 1222 3394 prefertur
1247 3323 1372 3377 mone·

338 3433 422 3490 mus
444 3410 480 3486 tir
500 3410 723 3505 requirimus
749 3429 791 3493 ut
805 3414 926 3496 adhue
951 3412 1046 3493 iufra
1063 3412 1220 3491 mensem
1243 3398 1372 3513 proxi.

335 3545 397 3599 me
412 3520 582 3599 futurum
597 3539 814 3624 computum
832 3524 865 3597 d
887 3526 1067 3601 rationem
1088 3522 1297 3630 hujusmodi
1313 3533 1371 3607 vi·

338 3638 442 3718 carin
464 3642 587 3716 nostro
612 3643 648 3717 dr
677 3642 1030 3744 sigilliferofuciaut
1054 3644 1215 3742 alioquin
1242 3663 1371 3728 contro

337 3758 488 3837 eosdem
502 3760 549 3832 ad
571 3761 855 3842 declarationem
874 3764 1257 3844 excommunicationis
1284 3788 1371 3861 pre·

335 3875 435 3951 tacte
454 3877 703 3979 utilioresque
728 3906 839 3981 petras
863 3885 966 3981 juxta
988 3884 1145 3965 formam
1172 3882 1261 3979 juris
1280 3906 1389 3980 pro·-

333 3993 510 4070 cedemus
541 3994 577 4077 tir
614 4003 766 4095 procedi
810 4005 1092 4100 procurabimus
1127 4000 1368 4083 certificantes
1436 4017 1447 4026 ”

334 4132 464 4190 omnes
481 4110 517 4185 dr
532 4111 689 4213 fingulos
708 4113 809 4196 secus
824 4117 997 4199 facientes
1015 4135 1080 4193 aut
1100 4116 1308 4216 hujusmodi
1325 4119 1370 4194 sr-

332 4248 383 4307 ve
412 4226 570 4307 aliorum
595 4251 662 4330 per
694 4232 797 4332 prius
825 4234 1035 4314 emissorum
1062 4232 1304 4312 monitionum
1333 4231 1378 4318 dr,

822 4350 907 4446 024
1217 4368 1321 4429 nrau-
