3409 5117
716 540 986 605 mm
1058 612 1062 619 ,
1243 556 1313 633 117

335 705 427 784 dum
449 700 616 782 ordinem
639 698 777 775 diiium
798 698 1010 795 Capitulum
1030 702 1077 777 ad
1104 678 1254 779 eandem
1280 721 1366 799 pre·

333 828 496 908 bendam
518 838 707 905 vacantem
733 820 841 898 debet
856 824 1049 902 admittere
1071 824 1107 901 dr
1131 826 1196 901 fibi
1222 828 1278 921 jus
1295 824 1365 902 Ca·

335 942 527 1022 donicatus
544 942 578 1016 dr
595 940 797 1038 prebende,
818 941 986 1038 quolibet
1002 941 1185 1021 obstaculo
1209 943 1365 1038 semoto,
1439 1034 1443 1043 Ι

334 1058 535 1158 affignare,
560 1060 675 1134 donec
701 1054 876 1132 omnes&
898 1054 1028 1159 singuli
1052 1058 1262 1157 prenarrati
1283 1054 1363 1135 sua·

335 1192 421 1251 rum
436 1175 727 1252 nominationum
741 1171 802 1249 seu
818 1172 1036 1268 petitionum
1055 1175 1224 1259 effectum
1235 1177 1362 1270 plena·
1441 1165 1446 1173 ’

334 1292 722 1389 defrenatorum,
746 1290 855 1371 salvis
872 1310 994 1374 tamen
1009 1300 1106 1378 circa
1126 1300 1197 1380 hoc
1223 1298 1361 1379 statutis

333 1413 398 1495 seu
412 1414 728 1496 consuetudinibus
751 1416 871 1509 quoad
893 1439 1027 1495 annum
1054 1418 1223 1498 &annos
1243 1419 1363 1520 gratie

333 1534 373 1615 n
389 1537 530 1618 fabrice
544 1538 581 1611 in
596 1533 790 1632 prebendis
807 1534 843 1610 in
860 1534 956 1616 dicta
974 1525 1130 1621 Ecclesia
1149 1540 1365 1617 vacantibus

335 1657 514 1735 nouenos
542 1653 767 1750 observatis,
793 1655 923 1750 quibus
941 1678 1009 1757 per
1024 1658 1240 1764 hujusmodi
1252 1658 1363 1736 statu.

334 1779 470 1858 turn-‘in
485 1778 586 1855 nullo
604 1778 774 1857 volumus
794 1777 984 1882 derogare.

408 1920 586 2007 Premillis
605 1941 751 2020 quoque
772 1922 998 2001 anneucndo
1018 1924 1225 2018 statuimus,
1263 1908 1364 2025 quod

335 2044 460 2124 nullus
483 2036 628 2118 notorie
655 2036 947 2118 excommunicat
949 2057 1012 2134 us,
1049 2042 1263 2124 interdimus
1298 2055 1364 2120 aut

333 2151 524 2257 suspensus
542 2154 603 2228 vel
621 2153 684 2252 qui
708 2152 939 2233 residentiam
959 2152 1096 2235 suam
1085 2174 1186 2257 Juxta
1213 2157 1365 2257 consue·

335 2278 504 2357 tudinem
518 2268 650 2349 Eccles
640 2293 673 2347 e
689 2255 810 2351 nostre
833 2291 905 2349 non
930 2269 1059 2352 fecerit
1071 2296 1138 2375 per
1160 2297 1294 2351 annum
1318 2275 1364 2350 il·

335 2390 476 2481 lum,
465 2412 501 2463 rn
526 2406 598 2483 quo
620 2386 810 2465 nominare
826 2385 940 2463 vellet
962 2400 1027 2462 aut
1047 2386 1271 2480 nominaret,
1298 2383 1365 2470 nili

336 2503 574 2589 sufficientem
591 2497 795 2579 cautionem
815 2499 860 2575 de
877 2500 1093 2596 complenda
1115 2516 1202 2579 tunc
1220 2499 1364 2595 incepta

337 2620 461 2701 annali
476 2620 513 2695 in
529 2613 694 2716 preteeti
711 2616 830 2693 nostra
843 2614 1002 2700 'Ecclesia
1020 2617 1190 2698 continua
1205 2618 1364 2697 ressden·

338 2734 392 2810 tia
415 2730 575 2827 capitulo
602 2728 723 2805 nostro
745 2723 970 2823 presentaret
991 2731 1199 2828 quempiam
1223 2731 1268 2806 ad
1292 2730 1364 2806 Ca·
1418 2789 1423 2803 .

338 2848 549 2927 ucnicatum
574 2842 855 2940 &prebendam
882 2845 1142 2947 Mogontinam
1169 2843 1275 2943 polilt
1299 2855 1365 2922 aut

338 2962 473 3040 debeat
485 2959 686 3050 nommare,
715 2955 1055 3056 dsuanominatio,
1081 2960 1109 3042 s1
1137 2983 1245 3065 quam
1267 2959 1366 3041 fece·

338 3081 406 3179 tit,
430 3079 535 3158 irrita
552 3077 695 3176 penitus
711 3077 903 3159 habeatur

413 3221 609 3306 statuimus
634 3224 800 3304 etianrdr
828 3223 1052 3318 ordinamus,
1079 3223 1179 3353 quod
1203 3217 1366 3303 ruden-

337 3358 399 3421 ρας
419 3336 534 3414 diuus
551 3336 690 3435 sperit,
716 3354 782 3416 orto
813 3339 857 3413 de
882 3334 1171 3431 Schonenberg,
1149 3356 1292 3430 joannes
1318 3337 1364 3408 de

341 3450 449 3547 Colle
447 3452 510 3527 leto
536 3451 571 3526 dc
605 3452 739 3529 Emiclc
766 3452 810 3527 de
843 3448 984 3525 [oriere
1016 3448 1218 3543 prebendas
1247 3446 1367 3525 sacen»

339 3566 480 3645 dotales
505 3563 541 3638 in
580 3559 677 3639 dieta
700 3562 820 3641 nostra
845 3556 1001 3638 Ecclesia
1032 3572 1218 3650 tenentes,
1258 3556 1363 3637 cuili·
1466 3636 1472 3657 x

339 3680 468 3757 beten
486 3676 880 3777 gratia'concedimum
920 3675 1017 3773 quod
1037 3672 1202 3770 personas
1222 3674 1268 3749 ad
1289 3668 1363 3747 eas.

339 3798 424 3872 dem
441 3793 628 3867 dumtaxat
644 3792 861 3886 prebendas,
889 3791 1042 3888 quilibet
1058 3807 1177 3868 tamen
1194 3810 1264 3863 una
1280 3788 1364 3869 vice'

336 3905 443 4009 juxta
458 3904 608 3982 modum
628 3902 663 3977 dr
685 3904 849 3980 ordinem
871 3900 1090 3999 prescriptos
1112 3898 1274 3995 poterint
1296 3920 1370 3979 uo·

336 4015 495 4108 minore,
522 4033 609 4108 quas
629 4012 736 4091 etiam
761 4011 928 4109 personas
950 4009 1133 4109 quilibet
1123 4034 1159 4084 111
1181 4005 1244 4082 suo
1265 4008 1364 4084 ordi-

336 4148 406 4213 ne,
441 4136 482 4197 ut
502 4121 705 4217 pretadium
725 4124 795 4217 est
839 4124 1085 4220 Capitulum
1071 4122 1118 4197 ad
1146 4118 1257 4195 dislas
1280 4139 1366 4253 pre·

335 4233 476 4316 bendas
490 4234 643 4334 recipiet
660 4235 883 4315 &admittet

838 4352 921 4443 Ha
1067 4474 1071 4478 .
1263 4350 1319 4431 ln·
