3409 5117
401 554 473 655 '164
726 555 995 668 m

407 726 584 802 invocato
595 715 704 798 etiam
718 725 767 799 ad
782 718 891 800 hocii
906 740 996 818 opus
1013 712 1131 797 fucrit
1145 719 1378 801 aunssiobra·

349 837 422 917 sun
437 834 628 913 secularis.
656 833 879 914 Caeterumsr
895 830 1019 911 forsan
1033 830 1244 927 huiusmodi
1261 853 1377 914 mans·

350 952 578 1058 grossorum,
608 968 674 1031 aot
692 953 939 1047 violatorum,
970 949 1032 1025 vei
1048 971 1091 1025 ea
1106 948 1187 1026 fieri
1202 959 1377 1031 mandan-

261 1063 268 1077 ’
350 1073 465 1169 tium,
487 1070 645 1171 ipsosque
659 1061 960 1180 consentientium
981 1061 1044 1142 seu
1068 1068 1233 1149 dantium
1248 1072 1286 1149 in
1308 1074 1376 1151 illis

351 1186 470 1287 perse
487 1190 549 1266 vel
565 1187 670 1278 aiios,
690 1183 845 1280 dircite,
862 1183 922 1260 vel
936 1180 1127 1277 indirecta,
1150 1186 1300 1281 publice
1319 1190 1378 1266 vei

354 1310 497 1385 occulte
514 1305 694 1383 auxilium
709 1303 916 1397 consilium,
940 1301 1002 1377 vei
1017 1300 1197 1398 savorem,
1220 1305 1378 1402 praesen·

355 1428 420 1517 tia,
446 1422 795 1521 promonitionibus
812 1420 849 1496 sa
864 1418 1158 1519 requisitionibus
1172 1423 1322 1515 pervus
1337 1426 1378 1503 de

358 1543 442 1645 ipsis
457 1539 646 1636 faciendis,
668 1536 746 1618 tute
759 1535 965 1638 commode,
990 1542 1051 1617 vel
1072 1537 1198 1617 secure
1214 1546 1381 1642 nequiret

357 1658 501 1737 haberi.
565 1655 645 1733 Nos
668 1653 773 1731 vobis
802 1656 1040 1746 monitiones,
1074 1653 1381 1753 &requisitiones

357 1769 571 1873 hujusmodi
581 1790 626 1846 ac
647 1768 834 1845 citationes
853 1768 1054 1869 quaslibet,
1079 1791 1147 1866 per
1179 1771 1300 1848 eutero
1316 1797 1382 1871 pu·

360 1881 555 1963 blicaiocis
570 1877 751 1983 affigendo
767 1880 923 1979 publicis
942 1882 1131 1980 dequibus
1148 1881 1191 1962 stt
1207 1886 1381 1963 verisimi-

362 2005 407 2084 lis
423 2001 633 2107 conjefitura
648 2004 745 2099 quo'd
762 2005 809 2078 od
827 2005 995 2080 notitiam
1012 2004 1228 2096 citatorum,
1255 2002 1380 2085 samo·

361 2122 526 2199 nitorum
540 2114 750 2213 hujusmodi
761 2116 957 2210 pervenire
968 2116 1115 2193 valcant
1122 2117 1293 2211 faciendi,
1309 2124 1380 2219 ple

364 2262 449 2319 nam
462 2236 496 2313 ir
511 2232 665 2313 liberam
679 2235 912 2313 concedimus
926 2249 1059 2313 tenore.
1071 2235 1305 2335 praesentium
1320 2262 1380 2341 poa

335 2357 543 2434 'testatem
572 2374 577 2382 ·
1010 2365 1011 2370 ‘

443 2516 615 2594 Volentes
635 2512 732 2613 quod
748 2513 980 2606 monitiones,
997 2511 1266 2615 reqoifitiones,
1290 2520 1384 2612 tici·

365 2633 523 2709 tationes
537 2627 770 2726 hujusmodi,
794 2630 946 2725 perinde
970 2626 1064 2729 ipsos
1086 2630 1214 2709 citatos
1238 2634 1385 2733 requist-

367 2763 424 2822 tos
440 2741 661 2834 enutritos,
687 2756 728 2816 ut
741 2744 1001 2840 premittitur,
1025 2762 1150 2851 arcent
1164 2744 1248 2826 aest
1266 2741 1317 2827 eis
1335 2752 1385 2830 fa·

367 2855 498 2954 {iamir
516 2856 701 2933 insonate
717 2853 1007 2952 presentialiter,
1021 2858 1057 2932 <ir
1072 2859 1312 2955 personaliter
1326 2890 1387 2946 ex·

367 2968 529 3051 titisseut.
580 2970 664 3047 Non
684 2969 907 3049 obstantibus
931 2983 1079 3069 tamen,
1100 2976 1179 3070 'piae
1202 2973 1387 3065 memoriae

365 3081 542 3182 Bonifacii
556 3082 659 3180 Papae
672 3083 829 3176 Oitavi,
856 3087 988 3183 quibus
1015 3104 1169 3164 cavetur
1190 3113 1236 3168 ne
1258 3096 1388 3194 uliquis

364 3210 476 3270 extra
498 3189 599 3268 suam
615 3192 813 3268 Civitatem
842 3196 902 3271 vei
926 3196 1109 3275 dioecefim
1130 3198 1195 3277 nist
1217 3202 1255 3278 in
1282 3209 1389 3283 certis

368 3306 697 3408 exceptisscosibus,
726 3308 900 3389 &inillis
919 3315 1019 3406 ultra
1037 3337 1146 3392 uuam
1163 3318 1334 3400 dietama
1351 3322 1390 3399 fi·

286 3429 288 3434 ’
363 3451 418 3508 rte
435 3423 508 3504 suae
525 3425 682 3505 dioeceiis
697 3430 744 3505 ad
757 3428 933 3527 judicium
946 3453 1137 3532 evocetur,
1163 3436 1223 3515 seu
1237 3466 1284 3518 ne
1298 3443 1390 3541 judi.

364 3562 430 3620 ces
449 3556 553 3616 extra
569 3538 766 3618 Civitatem
788 3542 1019 3623 riedioecesrm
1039 3547 1082 3625 in
1097 3551 1228 3646 quibus
1241 3557 1392 3651 deputa·

372 3658 402 3734 ti
424 3656 564 3736 fuerint
587 3678 714 3740 contra
732 3684 967 3763 quoscunque
991 3672 1214 3768 precedere,
1244 3677 1393 3756 autulii

373 3767 531 3846 autaliis
548 3764 627 3844 suas
642 3770 741 3848 vices
766 3774 1018 3869 committere,
1042 3775 1105 3854 seu
1125 3780 1268 3877 aliquos
1298 3788 1393 3863 ultre

364 3885 666 3963 unam-dietami
680 3888 751 3965 sine
766 3890 924 3968 dioeccsrs
934 3897 1132 3973 earundem
1144 3903 1394 4000 trahereprae-

268 4091 270 4095 Α
373 3994 529 4090 sumant,
543 4002 633 4078 dum.
646 4008 756 4096 modo
774 4009 974 4086 ottraduas
990 4011 1102 4089 dietas
1121 4018 1253 4115 aliquis
1268 4023 1394 4099 aueto-

375 4104 484 4181 ritate
509 4093 739 4203 praesentium
764 4136 838 4191 non
860 4118 1070 4201 traheretur
1087 4146 1136 4201 -ec
1157 4128 1202 4205 de
1233 4130 1396 4226 personia

377 4218 476 4297 ultra
491 4237 630 4302 certum
648 4220 842 4338 numerum
860 4235 906 4313 ad
925 4232 1102 4337 judicium
1117 4264 1191 4320 non
1208 4252 1399 4357 vocandis,

305 4353 311 4375 ·
412 4355 467 4390 ”··
780 4377 785 4388 ·
1235 4380 1354 4458 ¹quum
