3409 5117
728 525 999 616 W
1255 537 1325 609 213
1402 595 1405 600 .

338 688 438 776 liicis
451 673 594 786 totique
612 686 722 762 Clero
741 684 946 761 nostrarum
971 681 1140 761 Civitatis
1160 684 1194 760 de
1215 680 1375 759 Diocefis
1487 773 1489 777 ¹

336 808 506 905 spirensts
538 807 658 882 nostre
682 826 755 903 quo
787 809 833 879 ad
867 803 1097 903 infrascripta
1128 803 1373 901 iurisdistioni

336 922 509 1020 subjedlis
523 917 677 997 salutem
689 922 726 996 in
739 919 899 997 Domino
917 917 1173 1021 sempiternam
1191 919 1224 992 dr
1241 918 1371 1000 nostris

335 1039 549 1137 hujusmodi
566 1037 845 1114 inhibitionibus
860 1041 1122 1116 monitionibus
1139 1038 1172 1112 dt
1193 1037 1370 1114 mandatis

338 1150 499 1228 firmiter
525 1150 685 1225 obedire.
760 1152 989 1231 Ammonem
1010 1153 1227 1251 plerumque
1252 1149 1371 1245 pasto·
1425 1143 1438 1160 ‘

338 1262 428 1339 ralis
455 1259 564 1360 officij
592 1262 704 1338 nostri
731 1264 919 1365 diligentia
943 1266 979 1342 de
1003 1264 1155 1362 suscepti
1191 1286 1278 1341 cura
1312 1283 1374 1337 re·-

336 1376 488 1481 giruinis
516 1397 558 1450 ea
578 1400 649 1476 que
676 1400 745 1474 pro
769 1380 957 1480 religionis
993 1381 1029 1457 dr
1058 1382 1277 1459 clericorum
1305 1396 1372 1452 nu·

340 1504 396 1579 bis
418 1485 675 1594 'subjeetorum
718 1499 918 1593 honestate,
935 1499 1181 1577 conservanda
1213 1498 1372 1593 prouida

336 1611 423 1692 sunt
445 1615 708 1691 deliberatione
732 1617 897 1693 ordinata
917 1639 985 1714 per
1008 1640 1073 1693 nos
1098 1617 1176 1721 jugi
1198 1601 1374 1724 sollicitu-
1434 1710 1436 1720 Ι

339 1730 427 1805 dine
463 1748 634 1826 tantaque
666 1732 886 1807 maturitatis
920 1734 1153 1827 providentia
1179 1731 1225 1806 ab
1255 1728 1374 1804 ouini·
1440 1721 1444 1732 '

338 1840 408 1917 bus
433 1837 699 1916 inviolabiliter
725 1840 915 1918 observari
946 1843 1157 1918 demandari
1179 1856 1243 1916 aut
1271 1839 1373 1914 enin·

336 1958 383 2031 de
424 1957 624 2030 eorundem
661 1950 889 2058 subditorum
929 1955 1113 2055 figuanter
1153 1954 1373 2031 clericorum
1412 1954 1417 1962 ’

336 2070 402 2168 qui
419 2070 610 2147 mundanis
625 2069 775 2167 abjeslis
793 2070 972 2147 illecebris
997 2094 1064 2169 pre
1084 2071 1214 2146 ceteris
1237 2066 1366 2142 castius
1476 2055 1479 2062 ’

336 2188 373 2262 de
390 2185 574 2262 honestius
596 2186 757 2262 vivendo
783 2187 928 2262 lumbos
951 2188 1168 2284 restringere
1194 2182 1370 2280 jubentur

336 2296 463 2380 salutis
486 2301 592 2378 statui
617 2304 808 2377 commode
832 2300 1022 2397 provisum
1049 2296 1369 2398 &perversorum

337 2411 595 2506 calumpniosts
611 2411 937 2493 machinationibus
956 2439 1000 2492 ne
1013 2415 1092 2509 aliis
1107 2410 1286 2509 prebeant
1306 2412 1370 2485 de·
1470 2443 1473 2449 ’

339 2527 530 2625 linquendi
560 2529 748 2605 audaciam
780 2528 920 2606 utiliter
957 2526 1200 2627 conspiciatur
1231 2524 1372 2603 'obuia-

336 2659 442 2736 tum,
465 2639 573 2746 hujus
588 2665 747 2741 namque
772 2647 825 2719 rei
851 2645 1059 2745 gratianos
1085 2643 1274 2744 uigilantia
1303 2667 1370 2721 no-

335 2773 408 2849 stre
423 2765 687 2857 solicitudinem
705 2769 918 2846 adhibentes
945 2770 1029 2847 licet
1055 2770 1250 2867 plerosque
1280 2789 1368 2864 pro·

334 2892 450 2973 celsus
467 2890 643 2969 sinodales
659 2910 786 2989 preter
801 2896 836 2971 dt
849 2898 948 2972 ultra
963 2896 1068 2972 varia
1086 2890 1291 2970 sannorum
1304 2896 1369 2971 Pa·

335 3007 486 3092 trum&
503 3006 797 3103 predecessorum
812 3014 1019 3089 nostrorum
1042 2999 1200 3089 latoria
1214 3013 1369 3109 provin·

336 3132 445 3213 cialia
463 3128 685 3206 dclinodalia
701 3138 871 3211 mandata
891 3134 1045 3230 desuper
1069 3134 1222 3211 solerter
1236 3135 1366 3230 provi-

338 3263 464 3335 dentes
484 3269 559 3329 tam
575 3254 620 3327 de
634 3254 791 3355 desuper
807 3262 1069 3338 concubinatus
1087 3260 1121 3336 dc
1140 3260 1367 3334 incontinen·
1426 3351 1429 3356 p

335 3374 387 3449 tle
416 3366 555 3463 &aliis
578 3369 831 3474 prauisvitijs
865 3373 1037 3452 scandalis
1071 3373 1365 3464 &abusonibus
1450 3403 1452 3406 ·
1483 3375 1487 3380 ’

335 3482 487 3582 prorsus
505 3482 710 3558 vitandis&
727 3489 967 3582 extirpandis,
987 3511 1095 3585 quam
1114 3489 1313 3563 virtutibus
1330 3488 1368 3564 dr

337 3601 550 3680 decentibus
572 3602 738 3679 moribus
772 3604 904 3702 quibus
930 3606 1092 3680 debono
1115 3608 1151 3680 in
1177 3604 1305 3688 melius
1332 3606 1368 3681 oz

336 3722 484 3796 tandem
509 3720 555 3793 ad
579 3720 736 3816 patriam
763 3720 982 3815 peruenitur
1005 3736 1168 3796 eternam
1191 3718 1366 3796 seslandis
1391 3772 1394 3778 ι

335 3840 370 3915 u
385 3838 603 3917 assumendis
619 3838 684 3928 sub
702 3839 991 3917 formidabilium
1009 3839 1242 3917 censurarum
1263 3843 1366 3935 penis

332 3952 496 4052 aliasque
516 3952 638 4030 &alia
659 3951 883 4031 emiserimus
896 3955 1088 4036 fecerimus
1113 3957 1147 4029 dt
1168 3956 1247 4031 lieri
1266 3978 1368 4050 man·

332 4072 549 4156 dauerimus
560 4090 629 4165 pro
649 4086 690 4144 ut
706 4068 900 4167 ineisdem
925 4071 1145 4168 procelstbus
1162 4070 1366 4164 uobisplus

326 4186 443 4274 semel
458 4180 652 4285 publicatis
668 4183 809 4281 plenius
825 4186 1034 4263 continetur
1050 4186 1084 4263 ui
1102 4175 1369 4283 habetem-eos-
1440 4283 1447 4287 a

842 4304 924 4396 03
1230 4303 1314 4389 dent
