3409 5117
733 550 1013 617 mm·
1263 549 1334 653 305⁸

340 710 405 810 tiis
424 708 654 789 fatuitatibus
672 707 849 813 superbiis
874 713 1209 817 presumptionibus
1226 746 1270 800 oc
1292 746 1380 821 pra.

339 833 402 905 vis
435 830 558 905 usibus
582 830 714 907 ilatum
738 856 869 910 eorum
903 838 1178 937 denigrantibus
1205 848 1379 940 quodque

339 944 408 1040 alij
424 966 554 1021 eorum
570 948 741 1041 exemplo
757 950 945 1041 perterriti
967 955 1016 1027 ud
1032 951 1158 1029 srmilia
1175 952 1247 1029 sese
1264 956 1375 1033 defle·

339 1062 446 1137 erere
455 1063 588 1136 merito
598 1062 869 1160 pertimescant,
888 1066 952 1142 nist
968 1070 1064 1144 enim
1076 1058 1374 1166 hujusmodisau·
1395 1071 1397 1079 '

340 1177 527 1253 &ionibus
551 1175 760 1255 nouorum
786 1180 934 1257 Patrum
955 1185 1109 1260 decretis
1125 1206 1177 1260 ac
1201 1185 1373 1259 monitio·

338 1292 450 1369 nibus
465 1287 711 1368 saluberrimis
727 1315 940 1389 pareremus
957 1294 1052 1370 dreis
1064 1294 1292 1395 obsequiolds
1304 1318 1370 1379 nos
1394 1396 1396 1399 ¹
1485 1386 1487 1390 ,

338 1406 594 1496 redderemus,
609 1407 838 1499 impunitatis
852 1406 952 1504 spem
965 1411 1181 1505 premittere
1195 1412 1370 1487 multam·

338 1536 415 1611 que
431 1520 467 1592 in
483 1520 534 1593 eis
550 1518 744 1594 criminum
760 1517 1000 1615 pestilentiam
1016 1524 1158 1599 nutrire
1179 1523 1274 1597 velle
1293 1544 1369 1601 nott

337 1640 527 1715 immerito
543 1639 841 1732 dijudicaremur,
869 1664 977 1737 quam
988 1643 1037 1717 ob
1053 1664 1131 1719 rem
1145 1643 1284 1719 summa
1299 1641 1366 1720 nos
1437 1687 1439 1692 ·

338 1780 413 1857 ope
429 1757 495 1834 niti
515 1758 618 1830 decet
635 1772 762 1833 utnon
780 1753 894 1836 solum
912 1758 1205 1856 predecessorum
1225 1761 1366 1835 noliro·

334 1888 501 1961 rumaut
516 1873 637 1946 nostra
655 1870 785 1947 statuta
810 1871 992 1968 processus
1016 1876 1115 1975 leges
1139 1874 1174 1978 tle
1194 1878 1366 1951 orandam

336 1988 514 2067 faciamus
528 1983 672 2060 caritati
689 1986 807 2060 vestre
822 1983 941 2080 sepius
958 1988 1151 2083 publicari,
1176 1985 1236 2062 sed
1252 1987 1379 2062 etiam.

334 2097 608 2193 circumspeilis
622 2098 735 2176 oculis
748 2097 1017 2176 confideremus
1033 2084 1309 2201 transgressores
1327 2100 1364 2177 dt
1432 2187 1435 2196 ⁴

336 2245 400 2300 eos
417 2240 510 2314 pena
526 2215 709 2314 condigno
725 2214 837 2309 pleeii
858 2237 1120 2310 procuremus,
1152 2215 1241 2311 quid
1262 2213 1362 2289 enim

333 2331 519 2437 prodesset
538 2352 637 2407 nova
655 2330 841 2406 veteribus
855 2331 1065 2421 cumulare,
1091 2331 1178 2427 quid
1202 2328 1361 2406 referret

333 2474 452 2542 novas
466 2448 607 2542 semper
623 2441 823 2521 sanciiones
840 2444 1047 2540 instituere,
1079 2449 1105 2522 fi
1126 2469 1244 2542 neque
1262 2468 1361 2525 nova

330 2594 453 2670 neque
471 2586 597 2645 veteru
614 2566 846 2666 contingeret
860 2565 1030 2644 irnositis
1057 2565 1208 2645 subditis
1233 2565 1360 2643 obser·

333 2695 431 2788 vuri.
484 2689 560 2767 Nos
587 2689 802 2782 itaquepro
825 2689 1013 2787 religionis
1038 2690 1263 2766 incremento
1288 2710 1358 2783 pto

329 2817 539 2894 animarum
563 2796 765 2884 vestrarum
797 2803 911 2882 salute
935 2830 1005 2905 pto
1039 2804 1204 2885 scandalo
1228 2805 1359 2905 populi

330 2937 496 3016 tollendo
517 2953 587 3029 pro
606 2931 755 3007 maximi
779 2926 981 3022 summique
997 2928 1068 3003 Dei
1090 2929 1210 3029 gloria
1231 2926 1358 3002 multi·

328 3050 501 3151 plicando
517 3046 718 3140 plurimum
734 3041 963 3117 conducibile
985 3057 1095 3136 atque
1118 3034 1357 3117 necessarium
1478 3091 1482 3098 ·

326 3162 500 3239 arbitrati
516 3158 637 3232 sumus
652 3154 788 3251 triplici
805 3150 1074 3246 exhortatione,
1091 3147 1188 3244 quast
1199 3170 1270 3222 uno
1287 3167 1357 3221 vo-
1474 3225 1489 3247 χ

327 3305 392 3376 ee,
424 3296 582 3365 mentem
606 3277 763 3350 nostram
792 3275 959 3366 aperire,
1000 3272 1038 3348 iu
1057 3270 1185 3366 primis
1202 3269 1356 3345 utinter
1464 3269 1467 3274 ⁴

327 3416 386 3477 tot
402 3389 589 3487 tantasque
604 3388 711 3485 hujus
726 3387 901 3481 temporis
918 3388 1139 3462 calamitates
1163 3409 1206 3462 ec
1229 3405 1355 3460 erunt·

326 3535 392 3590 nas
406 3511 527 3603 palum
547 3505 713 3580 omnibus
733 3517 966 3577 occurrentes
982 3505 1092 3577 eorde
1108 3502 1278 3578 &animo
1292 3518 1354 3575 re·

325 3615 1354 3721 volvatistamquammediatores&intercefforespopuli

324 3729 515 3840 tamquam
532 3742 751 3837 vivnplebis
772 3739 996 3835 exemplatio
1013 3754 1198 3838 tamquam
1217 3734 1267 3833 hij
1289 3732 1353 3831 qui

324 3869 365 3945 in
381 3867 511 3941 labore
523 3862 712 3937 hominum
731 3859 885 3933 delicate
902 3858 1047 3948 vivunt,
1064 3852 1266 3951 solicitique
1279 3852 1354 3929 sitis

324 3976 481 4058 devotus
505 3972 586 4048 Deo
612 3972 796 4046 orationes
819 3993 866 4044 ac.
886 3967 1033 4045 letanias
1057 3964 1211 4072 fundere
1234 3982 1355 4061 popu·
1472 4019 1473 4024 Ν

321 4100 477 4189 lumque
491 4088 599 4161 vobis
617 4086 800 4162 creditum
813 4086 859 4158 ad
876 4082 1046 4180 idipsum
1068 4086 1201 4157 devote
1216 4076 1355 4156 sacien-

319 4211 415 4289 dum
431 4204 604 4288 inducere
622 4197 658 4272 dc
674 4195 835 4275 excittte
857 4212 898 4270 ut
913 4195 969 4272 ita
987 4194 1058 4271 Dei
1079 4191 1117 4270 in
1133 4212 1197 4276 uos
1213 4158 1355 4266 seviens
1370 4241 1372 4246 -

378 4313 467 4395 Μ.
495 4312 586 4390 ΧΠ.
881 4305 918 4383 U
1105 4301 1308 4390 moriti-

1440 4187 1447 4229 l
