3409 5117
465 565 538 651 arr
791 551 1065 618 “W

406 716 620 819 tirspeeirli
633 712 788 812 desuper
808 712 950 791 anobis
973 707 1036 788 seu
1062 707 1201 789 vicario
1221 709 1346 792 rostro
1368 663 1429 789 oi·¹

408 819 626 933 tenta,quia
638 845 761 910 autern
775 830 812 906 itr
829 824 1013 928 plerisque
1031 824 1249 902 nnodrribus
1267 826 1429 922 procelli·

405 954 480 1048 bus
502 969 611 1051 atque
637 946 815 1040 mandetis
846 944 975 1022 uostris
1001 966 1072 1043 que
1106 942 1291 1022 eunifimus
1320 948 1431 1024 locide

244 1116 249 1125 ·
407 1069 635 1159 continetur,
660 1062 749 1162 quid
762 1062 896 1160 cuique
922 1061 1107 1160 egendum
1126 1058 1367 1139 vitandumne
1382 1059 1432 1137 fo·

414 1207 497 1286 ret,
523 1183 654 1285 quibus
675 1183 786 1260 etiam
808 1204 882 1259 nor
902 1169 1039 1278 pa‘ueos
1063 1196 1226 1260 errantes
1251 1181 1431 1281 speramur

412 1307 463 1383 ad
481 1302 579 1382 redte
594 1299 744 1377 vivendi
761 1299 860 1375 viano
881 1295 954 1375 Dei
976 1296 1096 1398 gratia
1115 1297 1320 1389 reduxisse,
1354 1300 1433 1377 teli·

414 1441 509 1520 quos
540 1415 663 1515 itaque
689 1411 943 1513 prnlormiter
963 1413 1144 1490 reducere
1162 1411 1376 1493 rffediantes
1393 1437 1434 1494 no

416 1532 500 1630 ipris
517 1551 718 1625 eorumque
741 1526 888 1605 lascivio
906 1548 978 1623 que
991 1528 1103 1629 gravi
1121 1530 1251 1627 utique
1267 1533 1432 1609 ernenda-

414 1656 516 1731 tione
530 1650 639 1752 digna
649 1647 749 1724 foret
764 1646 898 1721 diutius
914 1642 1147 1741 delinquendi
1158 1648 1271 1724 detur
1287 1650 1432 1747 occano,

415 1763 559 1845 eosdem
576 1755 760 1860 proeell'ur
779 1779 936 1834 unacum
959 1754 1146 1836 sacrorum
1159 1785 1344 1843 canonum
1368 1764 1434 1844 sen·

418 1885 563 1960 diorum
580 1897 726 1976 qnoque
740 1870 1137 1971 patrum‘sanrrionibus
1153 1894 1268 1976 utque
1287 1882 1434 1979 provin·

414 1995 568 2076 cialibus
586 1987 755 2069 institutis
771 1983 926 2083 desuper
940 1987 1146 2065 luculenter
1158 1992 1434 2088 providentibus

416 2117 555 2193 dudum
570 2101 709 2189 crebris
729 2104 873 2181 vicibus
894 2123 917 2179 a
940 2104 1044 2180 robis
1065 2108 1229 2203 repetitis
1257 2110 1435 2193 iterumdr

418 2235 463 2308 de
479 2252 577 2309 novo
600 2239 768 2322 repetere
787 2221 889 2297 haud
908 2219 1059 2298 dubium
1073 2223 1257 2301 credimus
1270 2228 1435 2325 profatu.

417 2369 519 2440 rum,
531 2344 666 2419 ideirco
686 2353 810 2413 ornnes
825 2334 863 2410 dr
876 2333 1035 2439 lingulas
1051 2335 1236 2431 puerellus
1248 2344 1434 2445 omniaque

416 2467 455 2542 dr
467 2464 607 2563 singula
619 2459 787 2535 mandata
803 2457 950 2533 decreto
962 2455 999 2531 dr
1011 2455 1172 2533 instituta
1186 2458 1436 2556 huiusmodi&

416 2583 596 2684 precipue
611 2580 656 2654 de
670 2577 705 2653 dr
721 2573 1099 2671 supereoneubiurtnr
1112 2577 1376 2663 incontioerrtie
1386 2603 1434 2665 tr·
1458 2591 1460 2596 ’

418 2694 678 2776 hemeriorum
692 2686 900 2766 officiorum
922 2693 1095 2768 ludorum
1118 2692 1334 2775 illicitorum
1354 2696 1435 2777 blas·

419 2806 654 2907 plretnirrunr
677 2805 909 2905 aliorumque
935 2805 1118 2885 viciorum
1139 2812 1435 2906 pravitatibus&

419 2920 654 3002 abusrooibus
676 2917 825 3018 prorsus
842 2921 1023 2998 evitandis
1042 2922 1076 2999 dr
1094 2924 1344 3024 extirpandis,
1375 2956 1434 3011 nee

414 3056 496 3134 ,non
513 3032 613 3109 horis
628 3031 808 3109 canonicis
824 3031 1074 3130 persolvendis
1086 3036 1289 3115 virtutibus
1305 3040 1433 3122 setun

420 3154 479 3231 dis
496 3145 751 3228 decentibus&
767 3147 923 3225 honestis
940 3147 1123 3224 habitibus
1138 3147 1174 3223 dr
1188 3151 1355 3230 moribus
1362 3156 1434 3254 qui.

421 3268 492 3346 bus
509 3268 553 3342 de
570 3264 665 3340 bono
678 3265 714 3339 in
728 3264 857 3340 melius
873 3261 911 3340 tir
936 3267 1084 3340 demum
1107 3265 1153 3339 ud
1170 3281 1300 3341 eterne
1323 3267 1434 3348 blutir

421 3382 581 3483 patriam
599 3378 673 3460 itur
688 3376 923 3470 all'urnendir,
951 3380 997 3455 de
1016 3377 1266 3477 questionariis
1288 3383 1325 3458 dr
1341 3382 1435 3459 cleri·

421 3507 476 3584 en
497 3499 623 3577 artene
646 3497 719 3575 noe
743 3498 780 3574 nr
797 3497 931 3576 rroeer
952 3493 1099 3597 puero
1123 3520 1196 3577 ror
1221 3477 1445 3583 umeroru-

421 3618 561 3717 absque
577 3612 827 3694 adnridionunr
844 3615 975 3692 litteris
998 3618 1158 3692 nondum
1174 3619 1352 3713 expiratis
1374 3619 1435 3697 rni-

273 3791 275 3796 .
420 3736 522 3814 rrime
541 3728 795 3824 admittendis,
828 3715 1081 3833 benefieijique
1105 3733 1141 3809 in
1163 3732 1437 3827 permutationis

420 3841 591 3924 frrurem
607 3864 679 3920 non
692 3841 932 3944 restgnandis,
957 3844 1085 3922 cundia
1097 3868 1244 3946 qnoque
1257 3849 1438 3926 aliraoo·

423 3958 482 4036 bis
499 3973 664 4038 emanata
679 3961 849 4037 mandata
869 3976 998 4037 terrore
1018 3958 1239 4060 presentium
1265 3963 1440 4042 innovan-

422 4077 528 4158 tesdr
544 4078 743 4156 rotund-ent
753 4079 924 4187 omniurn
944 4090 1090 4157 teneres
1112 4075 1343 4177 presentibus
1362 4073 1441 4157 aod

423 4196 473 4275 de
492 4191 607 4274 verbo
619 4194 665 4275 ad
680 4192 838 4274 verbum
853 4189 1101 4291 insererentur
1109 4213 1180 4294 pro
1191 4193 1369 4294 expretus
1383 4196 1445 4275 lra.

1305 4309 1399 4392 ben·
1481 4383 1484 4440 ἒ
