3409 5117
381 530 455 610 344
710 511 983 575 'WB

332 671 514 776 elegerint
527 684 591 760 cut
607 667 721 771 ipsam
746 670 963 749 elediionem
988 668 1301 769 terminaverint,
1318 690 1356 750 er

334 803 425 867 tuuc
451 788 506 886 lus
526 789 721 869 Eleelionis
744 790 783 865 in
802 786 970 865 monibus
991 787 1120 864 nostris
1137 783 1288 864 illesum
1307 809 1358 865 re·

333 932 484 989 manere
504 914 689 987 volumus.
744 908 863 1006 Super
888 906 1020 1004 quibus
1051 906 1225 982 omnibus
1245 899 1282 977 d
1302 894 1360 972 ssu-

335 1027 432 1125 gulis
448 1026 638 1103 iNoterio
659 1020 755 1101 infra
778 1021 915 1122 scripto
936 1020 1126 1122 publicum
1148 1019 1363 1099 instrumen-

337 1159 418 1223 tum
435 1144 648 1241 petivimus.

1391 751 1396 766 ί

415 1321 772 1425 Qurmtpotellatem
804 1319 1140 1421 compromillionis
1164 1318 1234 1399 sibi
1260 1335 1363 1397 uuo·

340 1441 398 1521 bis
421 1427 592 1518 traditam
626 1438 883 1535 prenominati
926 1439 1083 1537 benigne
1122 1448 1367 1535 acceptantes,

339 1557 509 1637 omnibus
517 1558 621 1635 nobis
635 1558 673 1633 in
686 1559 769 1634 loco
779 1558 984 1656 Capituleri
1001 1557 1280 1637 remanentibus
1299 1575 1366 1630 uua

338 1675 437 1755 Cum
456 1674 613 1753 Notario
633 1672 667 1749 dt
687 1672 836 1749 testibus
855 1676 902 1750 ad
925 1674 1104 1754 Sacellum
1123 1673 1159 1751 8,
1192 1669 1368 1750 Bartholo-

338 1797 415 1874 nei
438 1789 739 1873 retrosacrarium
760 1789 796 1867 se
822 1786 859 1867 se
889 1793 1107 1891 recipientes
1125 1790 1194 1867 dec.
1237 1788 1368 1866 Secun-

341 1917 430 1991 dum
460 1910 626 1989 ordinem
648 1903 877 2006 singulorum
904 1923 993 1982 vote
1021 1908 1219 2008 diligenter
1243 1900 1368 2001 exqui-

339 2049 462 2117 rentes
478 2030 546 2106 dc.
573 2028 813 2123 compertum
836 2025 887 2105 est
912 2040 999 2103 uota
1019 2027 1168 2123 majoris
1196 2024 1232 2099 dt
1255 2019 1367 2101 sanio-

217 2185 228 2205 κ
339 2150 392 2236 ris
408 2146 522 2245 partis
539 2143 649 2220 totius
670 2142 832 2236 Capituli
848 2142 961 2219 nostri
977 2143 1014 2219 in
1030 2142 1076 2220 V.
1102 2140 1137 2216 dr
1154 2137 1366 2241 religiosum

339 2374 482 2452 diredla
494 2368 563 2449 effe
585 2396 628 2449 oc
646 2367 852 2448 consensisse
882 2371 1005 2446 virum
1023 2371 1149 2469 utique
1166 2375 1364 2468 providum

337 2486 565 2565 &siricorum
582 2485 652 2561 oc.
680 2507 787 2582 qrtem
801 2484 1366 2565 ReverendusDomiuusPerrtu

340 2607 472 2689 Abbas
495 2599 660 2679 Lacenfis
676 2598 852 2674 Diredtor
872 2602 927 2675 Ex
945 2598 1280 2697 eonprnniffariis
1301 2601 1364 2683 dre.

281 2728 286 2738 “
339 2719 613 2824 pronunciavit,
624 2715 691 2790 sub
706 2717 772 2793 hic
792 2717 1136 2795 verborumforma.
1162 2721 1208 2794 ad
1224 2722 1364 2796 laudem

340 2834 545 2940 &gloriam
561 2830 700 2909 Smuae
719 2830 754 2905 dc
775 2831 979 2907 individue
990 2833 1199 2928 Trinitatis,
1222 2835 1367 2912 Glorio-

338 2956 387 3037 sae
404 2955 557 3054 virginis
571 2952 701 3028 Mario
717 2950 751 3028 S.
771 2952 894 3050 jacobi
913 2954 1081 3052 Apostoli
1097 2954 1247 3033 Patroni
1262 2956 1366 3056 hujus

338 3065 557 3179 Monasteth
570 3092 612 3143 ac
625 3069 735 3141 totius
752 3068 909 3144 Caelestis
931 3068 1055 3147 Curiae
1069 3067 1229 3146 feliciter
1239 3071 1365 3148 trium-

338 3185 485 3287 phontis
500 3185 579 3284 Ego
594 3182 721 3255 Petrus
733 3179 799 3255 dc.
832 3183 954 3258 omnia
974 3198 1017 3258 ut
1034 3185 1071 3260 in
1090 3179 1272 3278 superiori
1293 3185 1367 3262 De·

340 3314 442 3380 creto
459 3294 606 3371 mutatis
621 3293 817 3369 mutandis.
843 3292 1080 3372 Praeseutibus
1101 3295 1239 3373 ibidem
1256 3322 1367 3377 vene·

338 3414 530 3495 fenilibus
552 3410 720 3489 Dominis
745 3410 884 3495 Joanne
912 3413 1029 3488 Vnclel
1055 3412 1254 3517 sigillifero
1280 3420 1367 3495 Mo·

338 3519 566 3633 grinonem,
591 3550 633 3601 ec
647 3524 757 3601 saucii
773 3526 944 3623 stephani,
968 3554 1125 3608 necnon
1150 3534 1291 3617 Joanne
1306 3536 1368 3611 lli.

329 3649 430 3759 scier
446 3645 480 3722 S.
495 3641 665 3736 mauritij
680 3642 1020 3744 Mogontinensrum
1039 3645 1282 3730 Eccleltarum
1299 3653 1368 3731 Ca·

337 3784 473 3841 nomer.
519 3773 522 3784 '
557 3764 561 3778 '

339 2252 496 2357 fratrem
524 2256 752 2352 christianum
777 2255 942 2331 Priorem
972 2251 1135 2352 expresse
1167 2254 1365 2353 profeffum
1399 2138 1411 2674 ἱ

285 3993 287 3998 ‚
397 3951 477 4047 Ego
503 3889 619 4021 frater
638 3949 788 4042 Joonnes
810 3944 967 4042 Baptista
983 3943 1164 4044 Subprior
1183 3946 1220 4023 dr
1250 3952 1369 4034 custod

335 4059 520 4165 predictis
557 4056 744 4150 interfui,
800 4077 837 4136 et
873 4062 909 4135 in
948 4060 1165 4157 praedietnn
1200 4063 1369 4140 Fratrem

338 4171 565 4273 corilionem
579 4168 757 4277 ¹Conseusr
777 4194 820 4251 ac
846 4174 955 4254 etiam
979 4194 1090 4254 manu
1111 4177 1268 4276 proprii
1286 4177 1370 4257 huic

1242 4293 1321 4377 lle·
