3409 5117
723 557 1111 621 m..
1251 573 1444 660 309x

338 708 450 795 tionis
468 718 503 792 dr
519 717 600 817 aiijs
620 715 916 797 formidabilibus
929 716 1033 816 penis
1052 736 1124 814 per
1145 702 1290 795 nosaut
1302 737 1370 794 no-

335 839 451 915 strum
469 838 649 926 vicarium
673 840 920 936 deputandum
947 835 1172 937 infligendis,
1213 834 1368 936 quisuis

336 950 375 1027 in
393 950 560 1027 domibus
578 952 637 1025 vei
655 964 760 1027 extra
776 949 986 1048 hujusmodi
1001 954 1172 1031 mulieres
1189 951 1369 1051 suspectas

337 1072 400 1145 vei
419 1071 550 1146 fovere
571 1071 630 1144 vel
653 1068 796 1145 nutrire
820 1074 880 1147 vel
900 1070 1033 1150 eisdem
1054 1076 1180 1153 dornos
1199 1072 1369 1171 proprias
1438 1141 1441 1150 ,

334 1188 570 1287 quascunque
587 1187 696 1263 etiam
713 1188 825 1263 vestes
842 1211 1059 1287 comparare
1076 1191 1299 1283 studuerint,
1325 1202 1369 1266 ut

336 1299 480 1376 easdem
496 1301 679 1377 dimittant
695 1300 715 1379 ai
732 1299 901 1377 domibus
924 1319 1123 1381 amoveant
1140 1303 1176 1379 dc
1200 1302 1371 1396 deinceps

335 1401 376 1487 in
405 1415 464 1487 vel
496 1429 600 1489 extra
634 1415 783 1490 domum
808 1435 881 1490 non
916 1417 1074 1493 educant
1106 1417 1372 1514 patrimonium
1488 1438 1489 1442 ‘

336 1528 442 1626 jhesu
454 1527 586 1605 Christi
597 1523 678 1606 curn
691 1526 824 1608 eisdem
838 1528 1374 1630 inverecundediupiaandodc

338 1645 392 1725 eis
409 1644 566 1743 denique
582 1644 644 1742 qui
660 1640 884 1722 secularibus
903 1640 977 1720 sese
992 1646 1148 1747 negotiis
1173 1649 1373 1727 temerario

335 1756 428 1850 ausu
461 1756 723 1852 immiscuerint
747 1777 876 1838 contra
901 1757 1110 1838 sausiorum
1135 1764 1281 1842 decreta
1306 1787 1372 1860 pa·

336 1886 439 1953 trun
462 1892 505 1950 ut
542 1874 622 1969 post
651 1873 861 1972 hujusmodi
895 1874 1034 1951 monita
1064 1873 1303 1956 saluberrima
1334 1873 1380 1960 ὦ

338 1991 567 2068 emendando
581 1985 788 2086 resrpiscant
809 1986 844 2063 dt
864 1988 1000 2065 nostras
1013 2010 1057 2065 ac
1080 1991 1287 2068 nostrorum
1307 1997 1373 2089 pe·

337 2127 340 2133 ·
337 2129 402 2188 uas
419 2104 635 2206 infligendas
652 2099 846 2204 effugiant,
871 2127 916 2181 ne
933 2107 1079 2182 tandem
1102 2106 1136 2184 dc
1160 2091 1307 2188 ira'Dei
1332 2114 1374 2193 in
1481 2202 1488 2208 ,

337 2228 486 2309 eosdem
515 2221 675 2305 serviens
702 2221 891 2353 flagellum
924 2223 1072 2323 flagello
1093 2223 1312 2323 superaddat
1334 2238 1375 2316 in

341 2342 544 2423 eorundem
567 2362 609 2416 ac
631 2335 798 2434 corporis
817 2335 1006 2414 interitum
1028 2336 1064 2415 dc
1083 2341 1218 2422 anime.
1272 2344 1374 2425 Insu-

334 2464 455 2567 per&
474 2484 599 2541 omnes
614 2457 841 2557 supradictos
860 2458 1044 2557 processus
1060 2464 1201 2553 nostros
1213 2488 1373 2549 unacum

335 2589 406 2667 &c
433 2581 615 2688 (utsupra
638 2578 888 2671 Martium)
939 2581 1115 2661 Datum'
1100 2608 1139 2660 ιιι
1167 2587 1283 2667 castro
1305 2613 1373 2669 uo·
1486 2681 1489 2700 ἱ

334 2708 411 2788 stro
422 2698 642 2791 Udenheym
662 2696 827 2775 Crastino
843 2694 1052 2777 sanctorum
1071 2698 1215 2782 simonis
1235 2706 1374 2807 &jude

336 2817 606 2957 Apostolorum
626 2812 739 2891 Anno
759 2811 911 2893 Domini
934 2814 1133 2894 Millesrmo
1155 2820 1374 2921 quingenta·

336 2941 428 3022 fimo
444 2937 568 3038 primo
586 2930 652 3012 sub
673 2927 783 3036 officij
800 2934 914 3016 nostri
936 2933 1133 3015 vicariatus
1149 2936 1269 3043 sigilla
1284 2964 1372 3041 pre·

336 3052 499 3138 sentibus
516 3042 689 3149 appenso.

339 3102 1373 3344 aoessffl-ss-w—ao

431 3539 433 3544 ,
685 3428 1009 3543 Lxxxvu
1154 3388 1157 3392 ’

339 3627 341 3632 ’
451 3645 649 3772 Jubirate.
700 3647 974 3771 Qungentes
975 3677 1047 3738 mo
1062 3646 1261 3740 secunda.

336 3848 586 4028 Ludovicus
607 3847 679 3925 Dei
704 3848 824 3949 gratia
850 3842 1048 3944 Episcopus
1069 3843 1234 3943 spirenfis
1258 3865 1371 3922 vena·

431 3959 610 4037 rabilibus
635 3958 703 4035 dcc.
762 3959 981 4059 Quanquam
1001 3979 1047 4033 ex
1064 3973 1141 4033 toto
1166 3956 1286 4034 cordis
1307 3959 1372 4031 uo·

331 4079 400 4161 stri
419 4077 596 4156 desiderio
621 4080 659 4154 in
681 4077 738 4156 his
762 4077 1112 4179 congregationibus
1138 4075 1280 4173 semper
1298 4077 1372 4153 stu·

331 4180 490 4273 'dcamus
519 4185 827 4293 quamadmodum
855 4192 1036 4271 creditum
1056 4188 1175 4271 nobis
1208 4186 1372 4271 officium

822 4306 860 4384 U
887 4318 907 4399 ι
1261 4321 1322 4381 rc·
