3409 5117
1208 657 1212 668 .
1244 580 1312 667 ¹85
1410 611 1413 616 ·

753 730 945 847 XLIII.
1016 781 1021 801 ·

333 950 456 1041 nno
484 949 542 1039 x.
577 948 652 1039 as.
696 950 1123 1045 prorueronas
1159 881 1367 1051 noun

430 1094 593 1172 STERII
616 1091 926 1173 SAGANENSIS
949 1096 1268 1182 CONSTITUIT.
1346 1117 1367 1162 ’ἵ
1463 1205 1467 1218 ¹

389 1284 425 1335 eo
440 1258 637 1357 Episcopus
655 1254 792 1336 Servus
809 1255 1011 1342 Servorum
1034 1263 1148 1341 Dci
1196 1263 1364 1342 .·Vene

411 1374 592 1452 rabilibus
611 1372 787 1451 fratribus
804 1374 1096 1476 Wratislavicufi
1115 1378 1149 1454 dc
1171 1373 1366 1464 Lubicenfi

334 1475 521 1592 Episcopis
544 1519 588 1573 ac
608 1493 743 1571 diseno
765 1492 841 1572 filio
860 1496 1006 1576 Abbati
1016 1499 1257 1577 monasterii
1246 1526 1283 1577 sn
1299 1503 1364 1578 Pa·

332 1607 454 1687 radiso
477 1609 719 1689 Posnanienfis
743 1610 902 1691 dioecesos
935 1613 1149 1693 Salutsmdt
1175 1620 1369 1714 Apostoli

333 1745 413 1804 catu
430 1703 734 1807 benedictionem.
795 1728 960 1834 Dignum
985 1732 1054 1814 effe
1069 1731 1307 1834 conspicimus
1324 1736 1365 1817 dc

334 1849 572 1929 neceffarium
587 1849 826 1942 arbitramur,
844 1867 886 1929 ut
897 1853 936 1930 hi
949 1852 1081 1931 favore
1097 1839 1188 1932 sedis
1201 1857 1365 1956 Apostof

333 1974 414 2051 licae
428 1969 643 2066 foveantur,
657 1973 721 2069 qui
734 1970 1086 2078 consanguineorum
1101 1961 1250 2072 vsuorum
1260 1973 1365 2073 ipre:

334 2108 387 2184 tu,
412 2088 608 2167 affectione
619 2091 716 2184 Deo,
742 2114 813 2168 nou
830 2091 1038 2170 horninibus
1056 2094 1284 2188 praeliautur,
1307 2091 1363 2171 d'a-¹

331 2240 380 2295 ne
396 2214 522 2291 dilecti
538 2214 603 2308 fun
618 2202 746 2291 Abbas
761 2205 1018 2292 &Conventus
1038 2189 1255 2315 Mduasterii
1272 2218 1362 2293 Bea-

333 2329 380 2410 tae
399 2330 529 2408 Mario
544 2330 581 2406 in
594 2331 732 2422 Sagana
745 2332 893 2407 Ordinis
907 2329 1029 2407 Sanni
1043 2323 1366 2425 augustissumo-²

334 2454 506 2529 uicorum
524 2448 766 2549 Regularium
781 2447 1089 2526 Wratisiaviensss
1105 2448 1276 2528 Diuscesss
1298 2453 1364 2527 no·'

334 2550 390 2647 bis
407 2588 593 2673 exponere
609 2584 807 2664 curarunt,
833 2568 932 2666 quud
957 2568 1124 2645 nonnulii
1148 2559 1363 2681 Archiepis·

335 2687 443 2784 copi,
469 2666 638 2781 Episcopi
653 2651 688 2757 dr
704 2682 785 2759 aliae
805 2678 1048 2760 ecclesiastica
1071 2671 1233 2781 personae
1255 2688 1367 2767 etiam

336 2798 569 2884 diversorum
585 2800 757 2877 ordinum
773 2798 986 2896 existentes,
1016 2820 1060 2876 ac
1080 2800 1224 2894 Duces,
1253 2802 1366 2880 Mars

335 2921 502 3017 chiou'es,
526 2920 639 2998 dolii
652 2905 803 3002 Domini
818 2922 1039 3036 temporales
1057 2941 1100 2995 ac
1121 2919 1200 2995 aiiae
1214 2896 1369 3031 surcula-²¹

335 3073 394 3132 res
412 3026 576 3143 per'sooae
595 3031 755 3115 debitam
773 3038 820 3116 ad
835 3036 929 3137 ipsos
945 3029 1101 3137 propter
1120 3038 1241 3115 Deum
1248 3021 1368 3117 resia-¹

335 3166 493 3247 rentiam
506 3153 780 3256 nonhabentcs,
795 3179 856 3236 eos
874 3158 911 3236 in
924 3159 1084 3255 personis
1096 3156 1131 3235 dc
1143 3156 1253 3238 rebus
1266 3155 1369 3258 ipso--

319 3269 421 3369 rum
448 3275 672 3379 praesumunt
708 3270 872 3358 indebitd
901 3277 1112 3373 molestare,
1162 3280 1260 3356 unde
1280 3301 1370 3359 cum

335 3402 515 3489 ordinarii
538 3400 801 3501 injuriatorum
823 3396 986 3496 ipsorum
1009 3400 1145 3480 eisdem
1161 3391 1318 3506 Abbati
1329 3403 1367 3481 dc·

335 3519 547 3607 conventui
571 3516 608 3594 in
631 3515 764 3614 justitia
783 3514 988 3592 exhibenda
1010 3516 1047 3593 se
1075 3520 1233 3596 reddant
1250 3520 1366 3597 inter·
1445 3531 1447 3534 ’

335 3653 425 3729 dum
442 3638 620 3727 difficiles,
643 3635 678 3713 sir
697 3635 806 3714 etiam
818 3636 1060 3737 negligentes,
1090 3636 1243 3738 ipsssqne
1257 3626 1365 3719 nimis

334 3766 483 3847 difficile
497 3785 539 3838 ac
562 3751 827 3854 dispendiosum
849 3756 1000 3849 existat,
1026 3779 1097 3855 pro
1118 3759 1265 3860 fingulis
1282 3782 1370 3855 que·
1421 3777 1427 3787 ‘

333 3868 673 3978 rensapostoncam
685 3872 932 3978 sedemadire,
952 3876 1057 3954 nobis
1077 3875 1268 3952 humiliter
1283 3873 1369 3975 sup.
1423 3970 1427 3977 1

334 4001 468 4107 plicari
480 3997 661 4089 fecerunt,
684 4008 727 4070 ut
739 3994 789 4071 ais
804 3988 915 4090 supet
932 3994 988 4071 his
1007 3991 1150 4093 justitias
1168 3990 1368 4069 ministerio

335 4118 534 4205 subvenire
555 4134 708 4214 paterna
724 4114 913 4218 diligentia
926 4136 1163 4209 curaremus,
1191 4111 1365 4212 quocirca

315 4238 557 4366 ffiscsstiom
564 4237 691 4319 vestrae
699 4255 768 4337 per
779 4236 976 4340 apostolica
990 4232 1125 4338 scripta
1137 4233 1367 4327 mundamus,

805 4348 907 4448 M5
1230 4364 1320 4447 qua·
