3409 5117
791 556 1065 632 ,m

412 731 655 868 ducendurn
670 742 779 833 ultra
794 748 993 837 Kalendas
1003 748 1218 838 Februarii
1236 755 1288 841 ad
1305 754 1446 843 XXV.

396 872 577 977 Martii,
606 874 680 977 fic,
710 898 760 961 ut
778 877 821 978 id
844 908 926 993 pro
952 880 1097 995 regula
1117 906 1336 997 receptum
1353 881 1448 973 fue-

411 1008 480 1091 rit.
538 1002 763 1091 Ordiamur
785 1034 925 1095 autem
945 1010 1039 1125 post
1061 1009 1244 1097 medium
1262 1014 1446 1101 seculum
1477 1051 1479 1058 ·

415 1132 518 1221 XVI.
552 1137 815 1224 Inveniemus
840 1138 898 1223 ibi
917 1138 1028 1225 Pauli
1054 1148 1116 1223 tv.
1139 1141 1285 1229 Brevia
1308 1145 1445 1261 aliqua

411 1265 566 1350 'annum
591 1263 658 1351 'ad
699 1264 993 1355 incarnationis
1031 1267 1142 1356 diem
1180 1272 1443 1385 protrahere.

341 1433 343 1438 ·
394 1395 627 1483 invenitur
657 1396 960 1504 nihilominun·
979 1401 1098 1515 quod
1124 1400 1309 1514 ejusdem
1333 1406 1444 1492 Pauli
1472 1471 1483 1520 J

408 1524 667 1610 Constitutiu
689 1533 790 1608 xix.
811 1554 906 1641 qua
932 1532 1079 1642 utique
1097 1525 1248 1617 bullata
1263 1530 1442 1618 habetur
1471 1591 1483 1616 .

409 1653 453 1740 ἃ
468 1654 520 1741 ab
535 1656 712 1771 ipsomet
736 1652 939 1743 Pontifice
954 1684 1003 1742 ae
1022 1664 1192 1775 triginta
1212 1660 1442 1749 Cardinali-

299 1804 301 1808 ’
407 1787 485 1876 bus
518 1792 702 1903 propriae
731 1814 877 1874 manus
912 1786 1221 1905 subscriptione
1263 1795 1441 1913 firmata,

286 1960 291 1967 ·
408 1926 501 2019 data
537 1924 698 2011 dicatur
732 1948 843 2010 anno
881 1923 1176 2013 lncarnationis
1203 1928 1451 2018 dominica*

265 2103 267 2107 ·
406 2063 591 2141 MDLIX.
623 2062 773 2173 quinto
823 2054 989 2143 decimo
1036 2058 1235 2145 Kalendas
1274 2062 1439 2170 Martii,

404 2192 670 2280 Pontificatus
696 2218 806 2277 anno
832 2217 1012 2305 quart03
1061 2193 1253 2308 adeoque
1280 2224 1440 2282 annum

404 2323 522 2408 isthic
543 2320 728 2407 inchoari
746 2352 769 2408 a
784 2321 1001 2435 Januari0‚
1032 2324 1104 2437 qui
1125 2322 1217 2407 alias
1233 2312 1437 2413 dicendus

401 2450 541 2541 fuiffet
566 2478 697 2540 annus
735 2458 921 2569 quintus,
948 2443 952 2452 ¹
979 2455 1037 2539 Pii
1064 2453 1127 2537 IV.
1174 2452 1434 2541 Constitutio

401 2576 1434 2697 Lxxilissfimiliterbullatafimilibusquesubscrip-

404 2716 590 2803 tionibus
629 2717 790 2804 firmata
829 2715 1010 2802 eundern
1039 2739 1153 2801 tenet
1181 2714 1352 2827 stylum,
1384 2742 1434 2806 ut

401 2852 579 2942 habetur
595 2849 803 2966 impreffa‚
835 2875 1029 2965 tanquam
1047 2848 1139 2936 data
1156 2849 1284 2936 Anno
1295 2849 1432 2937 Incar-

401 2985 579 3071 nationis
601 2983 833 3096 Dominicae
848 2973 1066 3067 Miilefinro
1094 2978 1430 3095 quingentesimo

262 3168 265 3172 .
332 3159 334 3164 ,
401 3103 706 3227 {exagefimo’)
724 3132 898 3226 quarto,
928 3108 1101 3223 septimo
1126 3106 1322 3193 Kalendas
1354 3107 1432 3194 Fea

397 3226 575 3341 bruarii,
605 3231 872 3323 Pontificatus
893 3253 1002 3318 anno
1025 3235 1184 3345 quinto.
1237 3228 1353 3317 Huic
1371 3233 1438 3317 le·.

401 3366 529 3453 &iuni
564 3365 676 3452 favet
707 3360 908 3450 iireceiior
939 3362 1032 3447 Pius
1058 3361 1109 3445 V.
1140 3362 1213 3478 qui
1244 3358 1340 3445 licet
1364 3362 1428 3445 so·

331 3505 337 3520 ¹
398 3496 486 3581 lum
512 3492 669 3608 eleetusv
689 3493 737 3577 fit
760 3496 803 3577 in
833 3494 1022 3601 januario
1050 3489 1163 3574 Anni
1203 3494 1426 3573 MDLXVi.

269 3672 271 3676 v
397 3609 822 3743 {arimoPontificatus
843 3624 901 3711 sui
917 3651 1026 3713 anno
1051 3619 1093 3707 u
1113 3622 1270 3725 mense,
1309 3619 1437 3710 dedit.

398 3759 593 3870 Societati
624 3786 760 3874 nuper
793 3786 816 3843 a
847 3757 1066 3850 Clemente
1092 3759 1196 3841 xiv.
1231 3754 1424 3849 extinssiae

284 3971 286 3978 .
398 3881 553 3977 Bullarn
575 3910 720 3975 contra
751 3884 953 3999 apostatas
977 3908 1109 3986 anno,
1138 3904 1186 3967 ut
1210 3879 1423 4005 scribitur,

398 4020 692 4133 incarnationis
712 4016 944 4104 Dominicae
970 4012 1188 4104 Millefimo
1212 4022 1420 4137 quingen·

344 4166 346 4170 ’
596 4138 599 4145 ’
1220 4142 1364 4232 tefirno

422 4355 457 4448 ⁸)
483 4349 910 4452 Chembinusiininnrgine
926 4360 1034 4429 natata
1057 4352 1167 4428 tertio.
1305 4428 1307 4430 ,
