3409 5117
388 576 412 632 2
718 553 987 622 VWB
1060 581 1065 588 ·

339 718 537 794 incolatum
548 714 585 792 in
595 705 692 818 Syon
703 716 999 794 DeorumDeum
1016 705 1155 793 videre.
1196 715 1364 818 Tempus

339 840 433 913 edax
448 859 573 913 rerum
588 833 818 915 annianus
832 838 991 912 humana
1004 833 1126 913 secum
1150 837 1187 914 in
1205 840 1364 916 oblivio-

340 977 423 1034 nem
441 952 572 1043 trahit‚
607 947 671 1028 nisr
685 968 750 1028 aut
770 953 976 1027 litterarum
996 942 1168 1053 suffragio
1190 966 1255 1028 aut
1271 952 1364 1028 vivo

342 1070 546 1149 testimonio
567 1066 843 1147 admemoriam
864 1069 1052 1144 hominum
1076 1091 1145 1164 qne
1170 1065 1290 1148 labilis
1314 1070 1366 1147 est

340 1197 575 1265 revocentur.
634 1184 877 1282 Litigantibns
904 1202 1028 1257 coram
1052 1174 1157 1257 nobis
1181 1185 1217 1259 in
1240 1181 1364 1260 saneta

338 1300 463 1379 sinodo
489 1296 609 1371 nostra
633 1293 842 1397 Erkengero
872 1292 965 1369 Viro
988 1287 1115 1369 Nobili
1139 1310 1175 1369 et
1204 1296 1362 1372 Gerlaco

337 1414 495 1514 plebano
512 1405 548 1486 in
568 1407 777 1502 Cimberen,
802 1410 897 1482 alter
913 1423 1041 1480 eorum
1059 1407 1210 1482 clericus
1229 1404 1362 1482 videli-

337 1547 397 1608 cet
412 1521 546 1599 diuam
571 1517 752 1598 ecclesram
775 1519 956 1595 filiationis
980 1515 1061 1617 jure
1084 1517 1144 1595 sue
1165 1519 1361 1618 parrochie

336 1647 492 1742 attinere
506 1636 695 1735 asserebat,
712 1637 875 1740 prefatus
890 1656 1013 1717 autem
1025 1637 1065 1718 E.
1084 1637 1259 1737 capellam
1275 1665 1359 1719 ean·

338 1770 422 1843 dem
444 1764 491 1837 ad
513 1760 547 1836 se
567 1760 683 1838 libero
708 1777 744 1836 et
768 1761 890 1858 quieto
922 1762 1155 1857 proprietatis
1182 1759 1263 1856 jure
1282 1763 1358 1838 'non

336 1873 453 1954 solnm
470 1870 608 1967 apatre
624 1889 753 1945 verunr
773 1869 881 1969 etiarn
906 1871 952 1944 ab
972 1894 1059 1960 avo,
1082 1887 1223 1965 proavo
1239 1867 1356 1944 abavo

338 2003 376 2072 et
392 1988 529 2064 tritavo
544 1981 772 2077 affirmabam
796 1980 948 2079 ipsisque
963 1982 1011 2057 sic
1025 1985 1086 2056 diu
1099 1982 1354 2058 altercantibus

336 2103 485 2181 tandem
497 2113 614 2172 totum
631 2098 821 2198 negotium
838 2113 905 2192 pet
920 2098 1200 2195 appellationem
1216 2099 1355 2184 adliiloe

336 2213 526 2321 guntioanr
543 2207 1019 2306 Ecclesiamtranstuletunt.
1057 2212 1219 2288 Partibus
1236 2214 1355 2310 itaque

335 2338 374 2417 ip
397 2326 529 2403 Sinodo
559 2321 791 2426 Mogontina
808 2323 1005 2400 constitutis
1035 2327 1069 2401 dc
1098 2325 1354 2430 sufficientibus

335 2444 519 2527 hincinde
541 2440 818 2539 allegationibus
850 2440 959 2540 super
982 2444 1056 2542 ipso
1081 2448 1229 2548 negotio
1253 2446 1354 2525 indn-

336 2562 404 2639 elis
421 2560 454 2631 dc
473 2555 664 2655 diligenter
685 2554 900 2650 ajndiclbus
923 2561 1132 2636 examinatis
1151 2564 1254 2641 miles
1279 2585 1352 2654 tan.

300 2735 303 2742 .
336 2673 420 2744 deur
447 2662 611 2762 presente
631 2666 788 2761 plebano
812 2670 846 2742 in
872 2670 935 2743 lite
958 2674 1166 2771 prevaluit,
1198 2677 1351 2772 plebano

334 2778 579 2860 consentiente
594 2794 631 2852 et
651 2800 723 2853 non
747 2783 1016 2860 contradicente
1034 2785 1214 2886 allignatis
1236 2808 1274 2868 et
1292 2795 1352 2871 ad*

334 2895 460 2975 bibitis
478 2892 622 2967 testibus
643 2892 780 2969 idoneis
802 2892 1048 2990 juramentum
1071 2901 1220 2998 septima
1244 2930 1349 2990 manu

333 3011 517 3115 prestitit,
563 3031 607 3083 eo
643 3015 900 3107 quodtenore
939 3013 1147 3114 supradidlo
1179 3018 1237 3122 jus
1268 3051 1349 3125 pro-

333 3126 499 3228 prietatis
515 3127 652 3221 capelle
668 3147 867 3206 memorate
888 3133 934 3205 ad
947 3119 1063 3229 ipsum
1088 3136 1303 3228 inviolatum
1319 3146 1350 3220 dc

334 3245 459 3319 sanum
477 3237 687 3328 pervenerit
702 3258 737 3313 et
755 3240 801 3315 fic
817 3241 854 3316 in
870 3240 976 3319 causa
989 3248 1111 3323 evicit.
1137 3250 1274 3347 jndices
1291 3255 1348 3333 ve·

334 3367 379 3421 ro
397 3350 617 3447 Mogontine
637 3351 726 3429 sedis
741 3353 873 3431 scilicet
888 3359 938 3435 A.
952 3360 1154 3459 Propositus
1169 3370 1296 3468 Major
1313 3371 1349 3470 *)

309 3519 311 3524 .
334 3459 383 3536 Η.
400 3461 458 3557 *ἢ
477 3482 513 3539 et
529 3465 569 3544 E.
584 3469 665 3565 aas)
679 3466 794 3548 sanan
810 3473 949 3550 Albani
960 3494 997 3553 et
1011 3478 1128 3560 seneli
1137 3483 1347 3575 JacobiAb·

344 3645 347 3650 .
1189 3583 1299 3666 bates.

359 3741 391 3827 ⁴¹)
416 3743 483 3812 vid.
499 3746 613 3832 Joaun,
629 3747 738 3837 script.
757 3750 835 3819 Rer.
862 3752 958 3843 Meg.
976 3757 1073 3830 Tum
1093 3763 1135 3834 11.
1151 3771 1227 3861 pag.
1246 3786 1323 3857 272.

355 3905 410 3986 ⁴¹)

436 3909 704 3997 confenjoannis
725 3916 749 3984 l.
768 3937 795 3982 c.
823 3897 898 4006 pap.
918 3931 999 4003 752'.

327 4095 330 4103 ·
348 4066 436 4152 W)
463 4071 534 4156 quis
559 4074 618 4142 snb
631 4076 691 4141 bac
707 4075 815 4146 littera
830 4086 927 4151 lateat
936 4088 1056 4175 Abbas,
1069 4111 1106 4170 ,e
1117 4089 1268 4164 oltronico
1286 4111 1344 4166 att·

429 4168 557 4236 nestorii
572 4172 606 4276 8
618 4172 731 4257 Jacobi
748 4184 834 4264 apud
849 4181 964 4267 Joann.
984 4189 1006 4251 1.
1026 4208 1053 4253 c.
1071 4209 1105 4276 p.
1119 4199 1198 4265 808.
1217 4214 1282 4260 non
1297 4211 1344 4280 ap·

427 4274 537 4374 paret,
580 4268 636 4377 nisi
669 4270 773 4339 forsan
795 4275 951 4345 Ezechias
976 4281 1060 4349 intra
1089 4306 1187 4357 annos
1209 4293 1343 4380 Volpet·

430 4372 454 4426 tr
480 4363 615 4430 abbans
637 4366 761 4437 ibideru
794 4388 978 4446 numeratos
997 4386 1200 4457 reducendos
1216 4385 1303 4460 cuit.
