3409 5117
392 596 466 675 240
726 578 998 640 mamm

335 755 462 832 netur,
487 735 720 839 quiquidem
744 733 931 834 processus
960 736 995 814 dr
1022 739 1192 817 mandata
1217 735 1361 818 deliis
1403 787 1406 902 ⁴

333 852 516 952 aliquibus
530 871 684 944 parum,
706 850 806 945 quod
830 850 1029 927 dolendum
1046 852 1117 944 eli,
1143 850 1363 943 profecerint
1404 909 1406 936 ε

333 984 401 1043 aut
416 958 562 1040 fortasse
579 962 697 1038 minus
714 959 912 1061 diligenter
928 964 1050 1040 excuti
1068 962 1221 1059 suerint,
1249 968 1287 1043 in
1307 988 1363 1042 an·

336 1104 397 1163 rea
413 1100 535 1161 tamen
552 1081 634 1158 illos
649 1081 685 1154 tiz
702 1081 764 1156 illa
780 1082 1050 1177 providentiori
1067 1085 1182 1161 studio
1199 1083 1364 1184 prosequi

337 1195 589 1279 ordinabimus
613 1210 655 1269 ut
672 1193 710 1269 <t
730 1192 929 1272 rebellibus
957 1195 1149 1274 auferatur
1182 1215 1364 1301 transgre-

336 1314 461 1393 diendi
482 1310 667 1387 temeritas
691 1310 726 1383 ἀ
751 1310 815 1409 aiij
836 1314 1053 1390 eorumdem
1078 1316 1372 1395 corresiionibm.

256 1499 267 1530 ‚
337 1437 461 1519 territi
474 1434 523 1512 ab
544 1432 753 1529 huiusmodi
776 1431 928 1532 aliisque
954 1435 1126 1536 rroxijsde
1152 1440 1294 1518 vitiosis
1313 1462 1364 1519 re·

335 1555 533 1635 trahantur
556 1549 778 1643 excellibus,
822 1550 960 1629 idcirco
990 1575 1114 1630 omnes
1145 1554 1181 1633 ἀ
1207 1555 1373 1662 singulos.

337 1672 521 1777 processus
535 1693 558 1748 a
574 1672 678 1748 nobis
691 1688 731 1746 ut
749 1670 941 1769 prefertur
961 1678 1198 1755 eruanatvs&
1227 1685 1364 1780 prefer.

335 1798 403 1874 tim
417 1791 619 1896 processum
636 1794 797 1868 nostrum
820 1788 894 1889 jam
917 1797 1086 1891 proxima
1102 1797 1226 1875 sitiodo
1244 1824 1363 1901 prete.
1404 1887 1406 1894 ,

334 1918 409 1995 rita
432 1916 510 2015 post
536 1911 665 1989 sellum
689 1911 803 1989 senili
829 1914 984 1988 lilartini
1005 1916 1191 1990 celebrata
1219 1917 1363 2002 duobis

336 2032 501 2114 emissum
520 2029 691 2131 specifice
716 2032 999 2110 concubinatum
1030 2034 1156 2109 ludum
1182 2035 1364 2139 illicitum,
1404 2039 1406 2054 '

337 2159 562 2253 criminaque
589 2151 738 2252 publica
764 2143 946 2229 conlb'rtia
974 2154 1170 2231 mulierum
1195 2184 1265 2236 nee
1296 2185 1363 2242 non

337 2274 602 2371 palliaiparte
616 2269 776 2368 petrosis
798 2269 896 2346 lcilsa
918 2270 952 2344 tit
974 2288 1124 2369 aperta,
1156 2274 1363 2377 calceosque
1404 2357 1406 2374 2

337 2391 512 2470 rostratos
529 2387 624 2463 vela
645 2399 750 2481 parte
763 2380 944 2488 superiori
962 2383 1118 2462 reflexos
1136 2390 1245 2466 {latui
1264 2398 1362 2473 clari·
1404 2393 1406 2416 '

338 2500 409 2579 cali
425 2521 498 2574 nvn
514 2509 758 2595 congruentes
774 2493 1048 2593 prohibentem,
1069 2502 1313 2602 almmialque
1325 2507 1362 2585 st·

338 2638 387 2691 ve
402 2613 592 2709 caputiain
603 2608 1013 2687 delationelacratillimi
1025 2616 1359 2694 literamentiliulta·

339 2728 438 2806 ristie
455 2726 515 2801 vel
531 2721 756 2801 consessionis
774 2724 959 2799 audientia
976 2723 1114 2801 deserni
1132 2736 1360 2811 mandantem

337 2836 491 2922 &alios
521 2834 704 2937 processus
735 2834 918 2940 signanter
944 2842 988 2914 de
1014 2840 1278 2921 beneficiorum
1308 2867 1360 2925 re·

338 2956 600 3064 sugestionibus
617 2957 838 3036 instandum
857 2961 1185 3059 permutationum,
1201 2971 1359 3062 qualina-

331 3076 402 3171 sijs
428 3074 569 3152 clericis
585 3076 789 3175 peregrinis
808 3076 843 3152 o
860 3075 994 3178 ignotis
1006 3097 1049 3152 ac
1072 3069 1359 3165 fraternitatibus

336 3187 411 3266 sune
427 3187 570 3285 l‘peciali
588 3188 780 3265 licentiatis
796 3194 966 3266 mandato
978 3185 1116 3271 'nostris
1136 3194 1289 3274 minime
1304 3202 1360 3276 ad·

337 3306 521 3384 mittendis
539 3308 598 3381 vel
615 3308 916 3403 pronuntiandis,
950 3306 1142 3405 omniaque
1163 3308 1199 3385 o
1225 3311 1362 3413 fingulo

335 3418 581 3516 provincialia
602 3418 732 3498 slatuta
755 3421 794 3497 dr
815 3424 982 3500 mandata
1006 3426 1167 3499 nundum
1190 3442 1363 3506 revocata

334 3536 475 3611 iterum
502 3535 720 3613 innovamus
743 3537 778 3613 u
803 3540 977 3617 innovata
1004 3538 1073 3617 else
1100 3540 1273 3618 volumus
1300 3563 1362 3642 pet

335 3655 520 3764 presentes
537 3642 690 3753 illosque
710 3654 746 3731 dt
763 3656 826 3734 illa
843 3649 886 3736 ac
910 3656 1031 3735 onmia
1055 3656 1250 3759 &fingula
1275 3658 1362 3739 inibi

334 3777 868 3876 contentaJuxtadrsecundum
882 3782 1130 3859 omnimodam
1144 3785 1360 3861 eorumdem
1404 3801 1406 3868 ξ

336 3897 413 3973 vim
438 3896 596 3974 sormam
613 3896 919 3976 &continentiam
936 3920 1004 3997 per
1021 3918 1086 3976 vos
1108 3920 1233 3974 omnes
1249 3900 1286 3976 dr
1300 3899 1361 3977 sm·

335 4022 443 4121 gulos
454 4016 680 4115 supradiilos
690 4014 937 4119 cujuscunque
953 4017 1139 4121 dignitatis
1153 4018 1267 4095 status
1280 4042 1360 4124 gra·

334 4141 402 4215 dus
425 4139 562 4214 ordinis
587 4141 646 4216 vel
667 4141 884 4231 conditionis
907 4141 1100 4218 extiteritis
1123 4138 1160 4215 in
1184 4159 1361 4248 quantum

337 4275 636 4364 unumquemque
650 4258 810 4350 vestrum
824 4279 1046 4355 concessere
1057 4259 1134 4341 sva
1144 4274 1300 4361 tangere
1310 4260 1359 4338 vi·

1221 4380 1314 4461 den·
