3409 5117
698 519 966 592 “W
1227 541 1288 621 rr

317 643 466 780 Vnderir
481 683 1107 809 mpmmtrran-mpmasfunem
1129 691 1244 809 arque
1263 710 1335 777 ex·
1379 655 1382 664 ¹

455 887 462 898 .
510 823 770 928 eminerammi
784 823 972 928 presentior
989 825 1143 902 chorales.

317 984 484 1160 Insuper
502 989 669 1068 voluntus
700 985 990 1086 nundinantes,
1021 989 1119 1088 quod
1142 984 1166 1066 st
1188 989 1267 1089 quis
1286 1009 1334 1066 ex

373 1103 704 1207 personiseecleste
731 1102 806 1186 sive
842 1104 1008 1180 Deranus
1033 1102 1235 1196 canonieus
1257 1100 1334 1179 stre

319 1220 476 1298 vicarius
505 1214 618 1292 suerit
642 1212 813 1290 invitatus
835 1216 881 1290 ad
899 1215 1077 1311 primitias
1096 1213 1171 1290 five
1188 1208 1333 1312 nuptias

318 1326 388 1404 sive
401 1324 536 1404 funera
547 1338 778 1400 nurtuorum
797 1338 862 1398 aut
884 1327 930 1401 ad
951 1323 1119 1421 exequias
1133 1327 1335 1402 eorundem
1431 1398 1437 1410 ,

320 1451 467 1516 voratus
493 1431 652 1508 extiterit
669 1431 703 1504 dt
719 1451 802 1506 cunt
821 1431 964 1510 licentia
983 1430 1120 1508 Decani
1135 1446 1200 1507 aut
1216 1427 1333 1507 senio-

320 1552 363 1631 tir
376 1570 448 1646 pro
472 1562 637 1640 tempore
655 1541 826 1620 Canonici
845 1545 881 1621 in
901 1541 1060 1622 absentia
1082 1541 1220 1620 Deoani
1244 1543 1335 1623 istuc

322 1660 499 1742 uansterit
517 1657 591 1734 five
614 1658 650 1731 iu
673 1654 830 1752 Ciuitate
854 1651 1110 1734 Worntatienst
1133 1654 1207 1732 five
1227 1675 1333 1736 extra

321 1776 513 1878 presentiae
542 1774 705 1849 chorales
725 1768 786 1846 seu
800 1771 1042 1872 quottidianas
1066 1770 1332 1851 distributiones

322 1893 457 1989 aliaque
481 1889 725 1966 emolumento
755 1885 979 1985 presentibus
1004 1883 1171 1978 debentia
1192 1885 1333 1968 interea

323 2026 382 2079 uon
398 2005 534 2099 perdet
544 1993 568 2095 ‚'
581 1999 640 2076 sed
660 2000 776 2077 eidem
799 2001 851 2079 uti
875 1995 1087 2096 presenti&
1111 1995 1332 2081 interessenti

323 2117 621 2211 administrentur,
647 2113 812 2190 stantem
834 2129 938 2189 extra
953 2111 1136 2188 civitatem
1160 2113 1333 2191 Wornna·

324 2220 464 2304 tienseru
493 2221 653 2321 primitie
673 2223 797 2319 nuptie
825 2220 956 2298 funera
981 2217 1058 2297 uve
1088 2223 1240 2322 exequie
1262 2247 1331 2324 per

324 2362 428 2426 unum
452 2338 593 2414 miliare
615 2337 675 2409 vel
692 2335 881 2430 ultrafieri
903 2334 1129 2413 celebrarive
1144 2331 1331 2440 contingel

325 2441 395 2548 ret}
411 2471 459 2529 ex
475 2469 562 2526 tunt
582 2445 698 2525 eidem
712 2447 863 2544 persone
886 2452 979 2524 istut
995 2445 1233 2545 proficiscenti
1255 2465 1330 2532 tre'r

325 2572 492 2647 duntaxat
512 2564 585 2638 dies
607 2561 853 2662 inpresentijs
878 2563 1172 2642 administrentur
1190 2565 1225 2642 dt
1244 2591 1331 2648 oon·
1353 2622 1358 2635 ·

325 2681 396 2758 oeffi
418 2679 511 2772 sint,
532 2693 686 2772 quorum
706 2675 816 2752 trium
834 2676 972 2753 dietum
990 2677 1128 2772 primus
1148 2680 1199 2764 ad
1216 2683 1329 2780 profi·

324 2791 519 2869 nuendum
541 2785 712 2866 secundus
731 2789 777 2863 ad
800 2791 1017 2866 manendum
1041 2791 1169 2868 tertius
1189 2795 1264 2873 dies
1282 2799 1330 2874 ad

324 2907 543 2986 redeundum
568 2901 787 3003 adignetur,
828 2905 912 2979 dolo
939 2895 1114 2980 tamen&
1139 2903 1269 2985 fraude
1290 2914 1329 2991 in

325 3023 485 3096 omuibus
503 3013 676 3109 prenniffis
693 3012 846 3110 seelusns,
864 3018 946 3092 data
959 3031 1078 3093 tamen
1096 3015 1167 3095 side
1181 3043 1330 3106 manua.

321 3135 344 3213 ii
356 3138 401 3213 ad
421 3150 547 3210 manus
569 3123 706 3206 Decani
722 3132 779 3205 vel
797 3128 944 3209 senioris
963 3131 1146 3212 Canouiei.
1297 3145 1301 3152 '

324 3292 532 3385 Coroniam
584 3290 725 3380 oedem
761 3291 815 3396 nd¹
845 3294 978 3384 iimina
1015 3295 1334 3417 peregrinationis

320 3440 434 3534 gratia
461 3438 549 3524 citra
573 3452 724 3527 montes,.
746 3438 795 3508 ad
820 3437 957 3526 medicos
974 3438 1045 3538 fiae
1068 3441 1236 3541 thermas,
1267 3447 1330 3521 ba·

362 3561 650 3661 hodiernorum
675 3581 774 3661 quam
800 3562 864 3637 dio
886 3564 1030 3641 uoluerit
1051 3586 1126 3644 rum
1148 3584 1283 3669 percep.

391 3739 395 3746 -
531 3687 618 3764 time
643 3688 787 3764 omnium
817 3694 1115 3772 emolumentorum.

315 3833 538 4019 statuimus
555 3835 590 3910 de
606 3835 812 3912 ordinamus
824 3841 921 3937 quod
938 3845 1130 3923 cotronious
1146 3817 1332 3945 capitula·

386 3960 438 4037 ris
458 3958 584 4030 volens
601 3954 654 4031 ire
667 3956 713 4030 ad
737 3955 862 4031 iimina
884 3955 1099 4042 Sandiuruut
1118 3968 1332 4065 peregrina.

315 4071 421 4148 donis
441 4072 562 4173 gratia
577 4068 668 4146 citro
681 4084 800 4146 tatnen
815 4091 970 4176 montes,
988 4081 1050 4156 'vel
1066 4081 1331 4158 canonieusin-

315 4173 442 4259 &mur
460 4179 586 4258 voians
600 4179 656 4256 ire
671 4177 717 4256 ad
733 4181 895 4268 neutros
913 4183 989 4266 sire
1009 4187 1156 4270 consilia
1170 4190 1332 4271 medico·

1199 4322 1286 4385 sum
