3409 5117
720 533 994 597 m
1245 559 1316 631 40¹

325 710 441 781 mus,
474 689 721 783 protestamur
743 695 936 790 quod-per
965 695 1059 772 hanc
1093 661 1369 795 arng'nattonem

331 803 374 877 ἅ
403 803 637 880 traditionem
667 828 732 881 nos
756 806 789 879 dc
811 804 1026 885 successores
1048 810 1186 885 nostros
1218 836 1289 888 non
1315 816 1369 890 in·

332 917 524 991 tendimus
545 898 777 1012 'aliquatenus
805 917 888 993 fore
910 918 1094 1021 obligatos
1119 928 1198 1004 nec
1212 923 1249 996 in
1273 925 1370 1001 fimi·
1445 956 1450 962 ·

321 1027 436 1102 dibus
461 1023 692 1103 infuturum
718 1030 902 1129 obligari,
927 1031 986 1106 sed
1012 1027 1199 1108 dumtaxat
1219 1039 1370 1131 premis-

334 1140 377 1216 ra
406 1140 561 1218 fecimus
585 1140 620 1214 a
640 1140 792 1217 facimus
824 1165 871 1218 ex
896 1143 1067 1221 caufisdz
1098 1147 1215 1221 modis
1244 1149 1368 1244 predi·

331 1250 407 1328 &is
431 1252 633 1327 liberaliter
658 1250 694 1326 dr
718 1250 859 1350 sponte,
884 1254 1191 1350 &nichilominus
1214 1262 1370 1341 dicimus

339 1368 381 1443 ric
406 1366 573 1465 expresse
598 1368 785 1461 fatemur,
814 1373 911 1466 quod
939 1373 1046 1450 nullis
1070 1376 1105 1449 dt
1138 1378 1228 1452 nudi
1250 1380 1370 1474 enjus.

321 1506 503 1582 ¹cumque
539 1482 648 1558 status
675 1486 812 1583 gradus
847 1485 1071 1562 condicionis
1103 1504 1167 1563 aut
1187 1512 1255 1590 pre
1280 1495 1370 1570 erni·

341 1600 475 1677 nencie
505 1599 681 1693 existant,
705 1602 922 1700 gravamina
945 1600 980 1676 dt
1006 1603 1270 1697 impositionem
1293 1609 1370 1687 sive

343 1718 580 1811 exiciionem
614 1716 718 1792 nobis
743 1717 777 1791 dr
802 1718 957 1814 ecclefijs
982 1720 1156 1815 predidiis
1182 1726 1370 1819 imponere

336 1837 483 1917 habent
506 1860 624 1933 neque
646 1836 781 1913 debent
805 1838 869 1914 nifi
889 1838 1262 1932 secundum‘formam
1280 1846 1370 1942 juris

323 1953 548 2031 'communis
563 1952 857 2028 constitutionem
883 1954 1208 2037 &ordinationem
1233 1961 1370 2038 Roma.

337 2092 476 2148 norum
502 2065 717 2143 Pontificum
741 2058 1026 2145 &Generalium
1046 2070 1369 2166 Conciliorum,de

332 2204 413 2281 quo
436 2181 524 2258 locis
543 2178 578 2251 dc
599 2180 827 2274 temporibus
853 2180 1025 2279 congruis
1043 2182 1080 2256 dc
1103 2186 1293 2277 oportunis
1316 2186 1394 2259 la·-

339 2300 418 2374 tius
443 2298 629 2386 dicemus,
661 2294 760 2380 salsa
789 2297 893 2372 nobis
922 2299 1097 2394 potestate
1121 2302 1279 2400 add-endi
1302 2301 1371 2378 mi·

331 2413 476 2505 nuendi
508 2409 722 2510 emendandi
757 2408 792 2484 dc
828 2412 1041 2512 corrigendi
1063 2412 1099 2486 in
1123 2414 1212 2508 juris
1247 2409 1371 2494 forma

333 2528 513 2622 meliore,
538 2546 612 2620 qua
637 2524 784 2621 quidem
795 2519 1061 2624 ¹protestatione
1082 2546 1151 2619 per
1175 2527 1370 2604 venerabi.

334 2648 414 2722 lem
442 2638 664 2738 Magistrum
687 2637 944 2733 Appolonium
968 2636 1063 2712 leda
1082 2634 1119 2711 d
1147 2637 1370 2732 apremiflis

335 2757 443 2835 Ven:
468 2749 617 2849 prelatis
650 2746 891 2841 Dominisque
936 2748 1127 2822 Canonicis
1163 2746 1372 2846 approbata

334 2868 437 2946 idern
472 2862 652 2961 Magister
683 2860 889 2960 Appolonins
917 2857 1068 2957 requifit
1093 2882 1153 2932 me
1184 2859 1371 2939 notarium

337 2986 534 3094 publicum
554 2979 795 3077 subscriptum
817 2977 963 3054 nomine
982 2974 1046 3051 suo
1068 2976 1274 3051 doliorum
1288 3000 1370 3053 om-

331 3105 440 3186 nium
458 3096 491 3170 dt
509 3093 737 3195 fingulorum
765 3090 863 3165 Ven:
890 3088 1060 3164 Dnotum
1078 3086 1306 3182 prelatorum
1332 3088 1371 3167 dt

337 3209 615 3294 canonicorum
643 3218 719 3279 tam
750 3200 971 3299 presentium
1008 3221 1118 3296 quam
1151 3196 1371 3297 absentium,

335 3341 519 3431 quatenus
537 3319 587 3395 eis
606 3319 666 3391 uei
691 3317 840 3392 cuilibet
848 3310 1003 3409 desuper
1018 3312 1235 3388 conficerem
1253 3336 1371 3400 unum
1461 3329 1463 3334 ’

334 3442 402 3515 vel
425 3441 534 3535 plura
552 3430 742 3529 publicum
767 3428 827 3505 seu
842 3428 991 3526 publica
1012 3428 1289 3503 instrumentum
1306 3433 1371 3509 vei

333 3556 578 3636 instrumenta
599 3550 637 3626 in
669 3549 815 3627 meliori
838 3544 961 3622 forma
978 3547 1223 3621 addictarum
1246 3544 1371 3641 cujus·

331 3675 431 3755 libet
460 3670 640 3769 sapientis.
709 3666 810 3744 Acta
840 3663 923 3740 sunt
945 3664 1014 3740 hec
1038 3684 1133 3742 anno
1170 3661 1370 3743 indictione

332 3785 554 3891 pontificatu
575 3778 697 3859 mense
724 3781 783 3857 die
807 3780 901 3866 hora
925 3775 973 3887 tiz.
999 3778 1089 3853 locis
1107 3774 1239 3872 quibus
1257 3771 1370 3875 supra

330 3901 565 4011 presentibus
591 3897 659 3975 dcc.
687 3896 756 3974 dc.
884 3971 887 3978 ,

435 4063 639 4142 Beatifftme
664 4057 886 4140 intermine
914 4056 1051 4133 devoti
1066 4049 1100 4129 S.
1126 4051 1173 4129 V.
1198 4036 1366 4133 oratores

324 4186 541 4269 ‚Amicimur
569 4186 641 4263 Dei
665 4183 786 4289 gretia
802 4178 932 4259 Abbas
957 4175 1104 4264 nomine
1127 4171 1191 4252 sno
1217 4176 1251 4247 dc
1279 4198 1369 4253 con·
1394 4274 1396 4277 Ι
1481 4268 1486 4277 ¹

390 4294 489 4398 Turn,
508 4294 599 4374 XII.
898 4289 975 4367 Cc
1032 4292 1035 4305 “
1184 4306 1318 4369 ventus
