3409 5117
369 459 376 496 l

464 544 539 622 ππ
796 523 1093 622 W.
1129 477 1132 482 ⁸

416 687 539 769 c'ordir
554 685 738 769 anxietate
753 684 790 765 dr
804 688 962 769 mesticia
977 689 1405 785 prohibicionernostrat
1414 694 1448 784 in

414 807 609 891 uansactis
629 806 759 887 sinodis
775 806 951 885 adversus
966 811 1248 892 manifestissima
1265 819 1360 895 cleri
1380 817 1448 897 scc-

415 926 493 1004 lera
508 918 711 1021 publicatas
725 909 858 1017 parum'
872 913 1188 1000 habuiiseroboris
1204 921 1449 1031 &momenti

418 1058 504 1120 cum
519 1037 629 1130 bodie
646 1036 816 1135 plerique
833 1028 907 1112 snt
923 1054 970 1113 ex
993 1057 1108 1138 grege
1129 1035 1365 1124 sacerdotum
1387 1047 1448 1145 qui

416 1174 647 1253 nequaquam
668 1149 885 1229 commoniti
911 1147 1044 1227 divinis
1072 1149 1217 1255 legibus
1243 1157 1446 1260 nostrisque

418 1267 559 1352 statutis
573 1286 692 1362 neque
709 1278 811 1342 ructu
828 1279 1009 1361 penarum
1029 1277 1110 1342 tum
1133 1288 1157 1342 a
1177 1268 1283 1346 nubis
1298 1288 1446 1372 tempo·

416 1387 547 1465 taliter
561 1397 676 1475 tuma
695 1377 883 1478 iustiliimo
903 1379 984 1457 Deo
1009 1382 1221 1470 eternaliter
1242 1386 1328 1485 ipsrs
1352 1391 1445 1469 inili-

378 1559 381 1566 .
416 1496 658 1601 gendarum
674 1513 794 1589 praua¹
808 1488 1090 1571 conversacione
1105 1491 1311 1598 ascendalo
1327 1523 1444 1602 popu.

418 1614 448 1698 li
480 1610 528 1687 ab
559 1603 818 1701 exorbitauciis
843 1606 1092 1685 indicibilibus
1119 1606 1139 1684 ai
1163 1615 1443 1715 transgresione

419 1728 537 1810 amris
559 1723 649 1824 julie
668 1722 935 1812 constitucionis
960 1722 1126 1803 destitisse
1150 1728 1350 1831 uidentur,
1380 1732 1442 1815 ‚sad

417 1864 604 1944 tamquam
619 1842 796 1922 clericalis
812 1842 921 1919 status
944 1844 1038 1922 hanc
1054 1845 1212 1926 habeant
1232 1852 1441 1933 libertatem

417 1955 572 2038 vivendi
596 1955 644 2032 ad
665 1954 810 2031 libitum
832 1954 985 2052 proprie
1009 1957 1207 2057 uoluntatis
1230 1962 1282 2039 ita
1309 1968 1441 2047 vivunt

287 2157 290 2166 ,
415 2074 610 2168 lasciviunt
627 2066 820 2163 insaniunt,
839 2069 928 2170 quid
945 2070 1041 2147 enirn
1056 2073 1199 2172 profuit
1209 2076 1345 2158 totiens
1358 2105 1440 2180 pro·

414 2184 571 2281 hibuiise
586 2187 704 2274 ludos,
719 2182 943 2283 prohibuisse
957 2185 1439 2279 commollitionesdzebrie..

416 2324 546 2403 tatem,
570 2296 796 2402 prohibuisse
812 2302 1000 2378 indecoras
1015 2302 1271 2388 indecentes&
1288 2313 1438 2394 inhone-

415 2426 484 2506 stas
505 2419 703 2498 admodum
721 2418 835 2496 vestet
856 2469 869 2514 ,
901 2441 984 2493 uam
1005 2417 1040 2494 dr
1059 2421 1166 2522 grani
1184 2425 1338 2521 querela
1354 2430 1439 2508 didi·-

415 2546 532 2624 cimus
557 2536 626 2635 hiis
651 2535 957 2613 intollerabilibus
985 2536 1088 2638 vicija
1112 2540 1254 2621 clerum
1279 2550 1438 2628 nostrum

416 2661 579 2765 quotidie
595 2658 629 2734 dr
647 2655 814 2760 graviter
830 2675 996 2755 peccare,
1011 2659 1134 2737 Deum
1152 2658 1357 2767 offendere,
1379 2696 1439 2749 no·

414 2783 488 2869 stra
503 2779 673 2856 mandata
689 2791 967 2871 contremuere,
1002 2782 1141 2877 populo
1160 2804 1310 2881 quoque
1329 2791 1439 2868 delio·

415 2895 550 3004 quendi
574 2893 797 2975 occasionem
820 2896 1001 2996 prebere,
1046 2902 1176 2979 statum
1200 2900 1237 2979 tir
1262 2908 1438 2991 honorem

274 3109 279 3124 x
335 3047 338 3053 ²
413 3021 620 3127 clericalem
648 3018 865 3126 denigrare,
899 3020 982 3095 odia
1003 3019 1038 3096 rt
1062 3023 1309 3106 detradliones
1331 3033 1437 3109 laico·

412 3157 497 3237 rum
515 3132 551 3208 in
566 3131 717 3209 clericos
731 3152 870 3232 augere
887 3133 1038 3227 perinde
1052 3157 1097 3211 ac
1116 3134 1142 3211 sr
1165 3136 1294 3234 sponte
1307 3150 1365 3239 ad
1387 3149 1436 3224 in·

416 3237 517 3330 feros
535 3236 749 3320 descendere
766 3243 800 3317 dr
816 3244 850 3319 se
871 3243 966 3339 ipsos
981 3248 1201 3345 precipitare
1219 3276 1332 3351 quam
1348 3277 1435 3339 etet.

323 3358 325 3371 ²
410 3386 498 3447 narn
512 3361 771 3438 beatitudinem
789 3360 958 3460 consequi
970 3367 1132 3468 mallent,
1151 3369 1330 3454 invitam
1343 3379 1436 3459 suant

413 3474 600 3581 instituisse
616 3499 698 3553 cum
716 3479 883 3582 omnibus
903 3480 1005 3555 bonis
1018 3481 1056 3556 di
1072 3480 1227 3573 honestis
1245 3492 1377 3572 ludere
1396 3497 1435 3573 ad

413 3593 549 3671 sortem
565 3613 645 3667 oon
655 3591 776 3686 liceat,
801 3594 899 3671 cle-ro
915 3610 1035 3672 tamen
1052 3597 1232 3698 imprimis
1250 3604 1435 3708 hujusmo

415 3706 455 3781 di
481 3701 683 3799 turpitllno
715 3705 818 3781 lucro
852 3701 924 3784 sese
957 3707 1146 3806 implicare
1171 3714 1435 3802 abhominanda

414 3814 576 3892 confusio
604 3815 676 3910 eil,
717 3816 924 3893 vinolentos
947 3815 1161 3901 sacerdotes
1196 3826 1433 3927 &aposlolus

272 3978 274 3980 .
415 3931 589 4026 dampnat
606 3932 640 4006 dt
658 3925 762 4007 vetur
777 3930 838 4006 lex
857 3924 1051 4030 prohibet,
1079 3942 1236 4035 qualiter
1253 3965 1379 4027 autem
1392 3950 1434 4026 sa·

412 4044 766 4147 ciliusc'ognoscitur
793 4047 924 4122 levitas
949 4049 1062 4160 libido
1087 4054 1317 4151 impudicitia
1341 4064 1433 4139 uani·

408 4176 465 4266 tar
483 4162 635 4241 ambitio
651 4160 849 4275 scurrilitas
866 4156 908 4240 'da
923 4161 1093 4288 superbia
1115 4171 1236 4286 cordis
1263 4176 1301 4254 in
1326 4177 1431 4256 sacer·

824 4337 846 4404 ’ὁ
1293 4300 1392 4401 dote,
