3409 5117
476 560 548 643 378
805 550 1079 616 “m

419 712 626 802 Beronibus
665 710 847 790 militibus
888 714 1080 792 civitatum
1115 713 1340 794 Reiioribus
1373 719 1485 813 uni}

414 832 654 931 'versitatibus
690 832 726 909 du
776 830 1055 936 quibuscunque
1089 833 1168 935 alijs
1193 855 1265 933 per·
1294 856 1444 938 regnum
1480 883 1485 911 ι

319 1019 322 1028 .
420 945 812 1027 Almonreeonstitotis
835 946 967 1024 nostris
1001 945 1170 1026 fidelibus
1199 946 1343 1027 dileslis
1372 972 1461 1053 gra·-

419 1067 514 1150 eianr
538 1064 745 1168 Regiam&
774 1088 883 1145 omne
907 1064 1058 1147 bonum.
1109 1068 1205 1149 eum
1229 1070 1349 1171 Regie
1366 1070 1446 1148 Ms-
1483 1164 1485 1169 Ι

418 1182 567 1289 jestatis
580 1181 819 1282 providencie
838 1182 1096 1280 principaliter
1108 1185 1280 1282 expedrat
1294 1202 1338 1264 ut
1350 1182 1447 1265 sacro

370 1296 557 1380 sannas
590 1296 663 1376 Dei
691 1294 863 1375 Ecclesras
890 1292 1128 1398 ipsarumque
1156 1299 1341 1379 ministros
1370 1300 1447 1376 tali·

423 1435 485 1497 ter
516 1412 704 1497 defensare
743 1416 885 1494 studeat
909 1431 952 1490 ut
978 1414 1014 1492 in
1036 1410 1192 1496 Divinis
1230 1419 1447 1523 peragendis

419 1532 626 1631 ministeriis
648 1555 723 1614 non
752 1532 952 1612 turbentur
973 1529 1033 1610 sed
1057 1534 1175 1637 nagia
1192 1537 1304 1632 plena
1328 1537 1447 1635 quiete

417 1652 455 1729 de
473 1649 600 1732 secura
627 1656 789 1754 gaudere
808 1648 915 1747 posit
931 1648 1104 1732 libertate
1126 1652 1161 1731 dr
1182 1656 1268 1756 quia
1285 1659 1447 1756 plerum·

256 1838 259 1843 .
419 1797 490 1875 que
519 1772 695 1853 canonici
718 1771 858 1868 Vrcarn
895 1769 1148 1871 pauperesque
1186 1772 1445 1853 sacerdotes&

266 1990 269 2001 Ι
368 1892 569 2021 ministri
600 1889 664 1986 alii
696 1889 844 1985 majoris
874 1889 910 1968 dr
941 1890 1098 1971 aliarum
1137 1887 1443 1974 Ecoleiarurnci·

368 1970 604 2088 vitatis&
640 1991 804 2089 Diooefis
830 2005 1014 2112 Mogont·
1037 2022 1153 2140 prout
1178 2008 1284 2088 nobis
1321 2011 1444 2134 graui

290 2115 296 2133 ⁸
334 2133 339 2142 '
413 2139 474 2206 ter
497 2126 580 2201 sunt
600 2119 818 2223 conquesti
806 2142 844 2199 ιιι
864 2116 937 2199 sois
954 2121 1115 2219 propriis
1135 2121 1299 2218 personis
1327 2124 1364 2203 dr
1385 2125 1444 2203 eos

312 2307 315 2315 .
414 2261 500 2322 turn
523 2239 734 2319 hominibus
763 2234 867 2314 bonis
908 2234 1181 2338 possesstonibus
1213 2238 1444 2337 pensionibus

407 2357 556 2464 iuribus
587 2354 758 2435 durabus
786 2355 867 2457 aliis
900 2353 1033 2434 eisdem
1064 2353 1288 2455 Ecclenjsoz
1322 2360 1444 2457 perso.

413 2478 506 2560 nisi
531 2478 703 2575 primevo
729 2491 898 2577 tempore
921 2498 944 2557 a
965 2475 1098 2554 Christi
1120 2475 1290 2556 fidelibus
1307 2503 1379 2579 pro
1394 2482 1445 2564 sa.

413 2598 492 2678 lute
506 2592 654 2672 suarum
677 2593 884 2674 animarum
911 2595 957 2674 ad
970 2593 1150 2672 Divinum
1170 2596 1314 2673 cultum
1334 2600 1442 2677 dona·

412 2716 459 2795 tis
488 2711 690 2793 &relisus
722 2707 783 2789 seu
808 2711 897 2791 alias
925 2713 1227 2812 qualitercunque
1248 2710 1441 2811 spesianti

408 2820 481 2909 bus
499 2824 646 2903 omnino
662 2821 803 2903 ibonis
818 2822 1089 2916 possessionibus
1108 2823 1305 2921 &iuribus
1323 2826 1440 2907 mense

408 2947 530 3030 Archi
553 2939 775 3041 Episcopalir
798 2943 984 3044 Mogont:
1010 2941 1184 3039 separatis
1208 2941 1244 3021 se
1269 2945 1476 3030 ἀίίὶίιιέὶίι
1473 2943 1476 3008 ¹

410 3061 640 3144 inonnullis
677 3059 922 3136 oreditoribus
955 3050 1143 3139 ueteribus
1184 3033 1476 3168 spoliatoribus}

409 3176 660 3260 invasoribus
668 3188 837 3274 propter
862 3175 1134 3278 negligenciam
1160 3192 1271 3277 atque
1303 3179 1476 3263 saelum·

408 3313 571 3371 necnon
603 3288 726 3365 varios
754 3287 788 3362 dr
816 3289 978 3368 diversos
1000 3290 1276 3392 obligaeionum
1298 3311 1439 3376 eontra.
1474 3271 1477 3352 l

408 3406 489 3486 etus
507 3426 551 3482 ae
571 3418 725 3498 propter
734 3425 887 3501 guerras
913 3402 947 3478 dr
971 3400 1165 3482 discordias
1183 3406 1436 3503 predidlorum

409 3511 788 3615 Archiepiseoporunr
815 3515 1057 3598 invaduntur
1081 3519 1278 3615 capiuntur
1304 3524 1342 3606 du
1371 3525 1438 3619 int,-

408 3640 657 3769 pignorentur
678 3633 882 3732 spoliantur
904 3660 947 3718 ae
970 3638 1049 3738 alijs
1066 3639 1216 3720 diversus
1239 3646 1395 3722 modis
1382 3673 1435 3725 rn-

406 3751 618 3853 quietautur
641 3746 677 3824 dr
697 3749 896 3830 turbantur
921 3752 1103 3829 violenter
1128 3752 1182 3834 du
1176 3752 1435 3857 iniusteqhino

404 3864 457 3943 est
486 3862 585 3961 quod
611 3860 655 3936 de
687 3855 792 3940 solita
826 3862 944 3964 Regio
978 3862 1179 3963 Maiestatis
1212 3865 1434 3971 benignitate

251 4029 254 4033 .
404 3978 443 4055 dr
467 3979 586 4081 gratia
607 3977 781 4074 predialis
806 3977 969 4075 Ecclelijs
998 3981 1040 4055 dr
1062 3978 1225 4079 personis
1251 4005 1434 4084 oportuno

403 4091 569 4177 remedio
596 4091 632 4176 dr
659 4090 833 4195 fingulari
875 4095 1074 4195 privilegio
1108 4114 1238 4175 contra
1267 4103 1435 4198 ptentilsa

401 4206 615 4327 sueeurrere
638 4213 865 4297 intendentes
891 4218 1108 4300 &volentes
1125 4222 1228 4319 quod
1247 4224 1294 4303 de
1311 4218 1434 4311 uetera
1468 4225 1485 4658 Ι

476 4371 478 4376 -
1090 4389 1092 4393 -
1368 4364 1390 4420 ιι
