3409 5117
674 552 944 617 Q
1168 563 1171 572 ¹
1198 583 1268 662 243

293 707 429 782 curatis
448 718 522 782 tam
538 705 716 810 religiosis
737 733 847 809 quam
865 711 1088 798 secularibus
1105 726 1167 822 qui
1182 727 1323 810 conses-

290 819 408 897 fiones
425 821 616 912 hominum
631 825 854 902 audiverunt
882 821 957 907 live
976 832 1015 909 in
1032 831 1198 917 futurum
1214 845 1319 920 audi·

290 940 366 1014 turi
381 929 464 1012 sunt
478 939 515 1012 in
531 937 670 1013 virtute
690 935 810 1017 sandle
834 943 1041 1023 obedientie
1058 968 1101 1036 ae
1126 950 1192 1029 sub
1214 958 1317 1051 penis

289 1052 327 1129 in
344 1052 443 1127 didio
458 1052 612 1130 coneilio
628 1056 791 1153 generali
810 1058 982 1155 expreffis
1000 1084 1153 1145 necnon
1170 1093 1318 1151 excom·

289 1175 547 1252 munitationis
571 1172 805 1270 suspenfionrs
831 1174 982 1275 aliisque
1005 1182 1120 1261 eciam
1144 1194 1317 1283 pecunia·

288 1290 353 1385 riis
371 1290 405 1366 dr
420 1290 624 1382 arbitrarijs
640 1312 708 1384 per
731 1311 797 1365 nos
814 1290 876 1365 vel
897 1291 1075 1372 vicarium
1096 1302 1257 1384 nostrum
1278 1309 1317 1388 in

289 1404 539 1503 spiritualibus
569 1404 775 1507 infligendis
806 1405 906 1500 penis
944 1398 1138 1489 distri'diius
1172 1399 1347 1496 inhibe?

273 1532 384 1606 mus,
409 1541 456 1593 ne
472 1519 603 1613 aliquis
623 1538 752 1593 eorum
769 1513 938 1614 deinceps
952 1519 1007 1597 de
1023 1521 1147 1621 aliquo
1165 1534 1314 1626 peceato

286 1640 353 1716 nui
377 1640 414 1716 in
436 1638 520 1715 foro
544 1636 771 1732 penitentiali
794 1636 940 1714 aeteus
965 1639 1004 1718 in
1033 1665 1170 1745 genere
1197 1654 1257 1729 vel
1275 1654 1315 1733 in

285 1755 405 1853 speeie
423 1756 460 1830 in
471 1755 628 1829 ambone
647 1755 705 1828 vel
725 1759 830 1828 extra
843 1754 1052 1852 ambonem,
1074 1762 1137 1843 nifi
1154 1780 1242 1847 tune
1257 1770 1314 1846 so·

284 1880 362 1953 lum
382 1876 527 1973 quando
544 1872 773 1970 prudentiori
790 1873 938 1950 consilio
954 1869 1095 1984 indiget
1113 1892 1210 1982 apud
1226 1907 1313 1976 eum

277 2000 464 2073 duntaxat
488 1994 589 2092 cujus
608 1996 796 2073 eonsilium
813 1998 906 2093 petit
929 1997 1000 2076 stne
1019 2018 1139 2083 tamen
1165 2013 1312 2108 expres·

283 2111 381 2189 fiune
398 2110 550 2209 persone
569 2111 734 2210 predidie
759 2112 857 2188 dicat
880 2135 1040 2211 exponat
1064 2125 1229 2215 publicet
1250 2133 1312 2213 vel

282 2228 441 2318 revelet,
471 2221 532 2298 sed
548 2219 775 2299 secretissime
789 2219 856 2301 sub
873 2226 1017 2302 stieneio
1037 2229 1207 2332 defigillo
1221 2261 1309 2318 eon.

234 2354 240 2383 ¹
281 2340 441 2421 sessionis
457 2359 596 2433 teneat,
621 2339 772 2439 Insuper
791 2360 832 2448 ut
855 2364 980 2424 onmes
1000 2348 1036 2424 dt
1060 2348 1219 2452 stnguios
1241 2380 1309 2440 no.

280 2472 338 2551 bis
355 2467 537 2568 subjeuos
555 2469 714 2544 maxime
726 2465 895 2578 elericos,
910 2489 1068 2566 quorum
1087 2472 1162 2550 vita
1174 2476 1208 2549 dr
1221 2503 1309 2559 eon.

279 2592 442 2670 versario
457 2588 615 2664 aliorum
639 2588 720 2663 veri
737 2585 927 2686 regiminis
942 2592 1132 2690 exemplar
1154 2594 1224 2674 esse
1244 2603 1308 2681 de.
1387 2599 1396 2605 ’

279 2711 358 2805 bet,
383 2731 405 2781 a
426 2724 562 2780 temere
580 2700 868 2801 presumptionis
890 2702 1130 2800 usurpatione
1152 2733 1307 2794 revoee.

278 2844 361 2899 mus
377 2820 413 2910 dr
428 2821 474 2892 ad
491 2814 660 2892 salutaria
677 2816 893 2917 dirigamus,
911 2816 1078 2893 omniadr
1093 2819 1306 2924 fingulade.

278 2957 381 3016 cteta
394 2938 553 3014 instituta
571 2932 754 3029 processus
767 2929 804 3010 dr
818 2938 987 3011 mandata
999 2938 1175 3033 precipue
1192 2942 1236 3018 de
1247 2946 1305 3021 ui.

233 3059 237 3068 '
278 3061 330 3137 tio
354 3054 638 3143 concubinatus,
664 3050 913 3150 questiouarijs
938 3051 1077 3129 clericis
1096 3051 1304 3157 peregrinis

244 3173 245 3178 ‘
276 3183 312 3258 dr
339 3176 474 3281 ignotis
500 3173 741 3268 matrimoniis
761 3171 986 3250 clandestinis
1011 3172 1305 3262 fraternitatibus

273 3299 353 3380 stve
377 3291 557 3397 stipendiis
578 3290 713 3390 absque
731 3287 878 3387 ,speciali
903 3290 1049 3366 licentia
1065 3292 1214 3369 minime
1238 3303 1304 3376 ad.

273 3411 461 3499 mittendis
487 3398 769 3506 pronuntiandis
791 3400 856 3482 aut
881 3404 1123 3482 deservientis
1147 3409 1302 3487 fertoni·
1413 3413 1419 3422 “

273 3537 344 3614 bus
380 3526 525 3631 argenti
553 3519 803 3621 persolvendis
827 3519 1102 3619 rationibusque
1126 3524 1299 3606 iaciendis

271 3640 414 3721 ultimis
439 3635 697 3716 defunuomm
725 3638 977 3714 voluntatibus
1010 3640 1229 3736 exequendis
1256 3664 1301 3721 ue

271 3755 366 3835 alios
384 3745 617 3851 quoscunque
637 3748 833 3853 Synodales
850 3748 1035 3852 protessus
1059 3753 1228 3827 mandate
1243 3769 1300 3831 at·

271 3898 346 3977 que
362 3855 529 3954 statutae
549 3872 654 3951 nobis
677 3872 876 3970 nostrisque
895 3873 1122 3970 temporibus
1143 3894 1299 3968 quomo·
1346 3931 1349 3938 ·

248 3986 415 4080 ,dolibet
431 3982 571 4063 emissos
593 3985 630 4062 de
651 3984 773 4064 emissa
796 4006 864 4084 per
881 3984 1062 4083 presentes
1082 3984 1299 4064 innovantes

270 4104 355 4181 illos
373 4098 690 4199 driila'o'rnnieque
704 4100 739 4178 dr
755 4099 895 4205 smguia
908 4100 997 4177 inibi
1005 4114 1179 4175 contenta
1193 4100 1298 4211 juxte

270 4214 522 4318 &secumdum
552 4218 800 4298 omnimodam
824 4218 1023 4296 eorundem
1040 4215 1115 4291 vim
1137 4214 1296 4308 sormam

319 4333 331 4348 ,ι
378 4323 409 4352 m'
607 4324 610 4327 ’
759 4335 842 4440 Q2
1135 4418 1137 4423 y
1210 4333 1248 4417 ἂ
